2956 5092
611 311 831 374 ..87-

638 524 729 596 Pars
757 526 802 600 ΙΙ.

423 688 470 756 lte
498 687 589 757 Pluti
617 686 812 776 deperditae
839 689 1009 759 memoria.

224 846 363 907 Absoluta
383 850 466 923 parte
486 843 672 903 antecedenti
691 844 871 919 scholiorum
891 848 1141 926 peruestigatione
1157 850 1305 930 quoniam,

133 946 270 1022 quamuis
285 944 342 1003 alte
357 945 386 1002 in
406 942 611 1020 antiquitatem
631 941 882 1022 descenderimus,
901 953 999 1004 tamen
1019 947 1199 1023 quicumque
1218 945 1304 1004 nobis

133 1042 216 1103 obuii
240 1043 308 1101 facti
332 1049 402 1101 sunt
425 1041 613 1118 interpretes,
638 1057 689 1098 eos
713 1058 816 1099 omnes
840 1042 970 1119 priorem
992 1041 1048 1101 sibi
1067 1041 1186 1102 Plutum
1206 1043 1303 1120 legere

132 1143 214 1200 uisos
234 1158 300 1199 esse
325 1137 547 1198 euidentissime
571 1139 707 1214 apparuit
730 1156 827 1215 neque
853 1156 1029 1218 quemqnam
1054 1148 1191 1199 ueterum
1214 1144 1304 1200 inter-

130 1246 250 1318 pretum
275 1235 559 1311 scholiastarumque
584 1233 657 1292 duas
680 1233 760 1294 Pluti
783 1234 928 1295 editiones
952 1237 1064 1296 uidisse
1091 1237 1193 1297 elrrxit:
1225 1256 1304 1298 nunc

131 1334 296 1395 secundum
326 1349 389 1391 earn
420 1349 506 1409 quam
536 1333 677 1408 proposui
705 1331 929 1410 dispositionem
959 1343 1131 1413 argumenta
1160 1337 1303 1396 6666161-

131 1431 216 1492 lenda
246 1437 329 1510 sunt,
358 1447 432 1508 quae
461 1428 495 1488 ad
520 1430 697 1488 sententiam
727 1447 822 1488 meam
853 1429 888 1490 de
913 1430 998 1492 Pluto
1026 1433 1126 1511 priore
1151 1433 1304 1511 deperdita

132 1528 341 1588 debilitandam
368 1526 497 1605 proferri
525 1534 650 1603 possunt
679 1526 847 1605 quibusque
877 1527 949 1587 diras
978 1531 1065 1588 etiam
1090 1539 1157 1608 post
1180 1530 1304 1590 Alexan-

131 1627 284 1686 drinorum
304 1633 436 1703 tempora
457 1624 604 1682 exstitisse
621 1622 723 1683 Plutos
743 1625 948 1686 demonstrare
967 1629 1067 1686 nescio
1087 1629 1154 1705 quis
1169 1637 1302 1688 conetur.

221 1722 418 1782 Continentur
443 1728 540 1779 autem
564 1719 613 1779 illa
636 1729 807 1799 argumenta
830 1725 960 1801 primurn
984 1725 1155 1803 fragmentis
1178 1725 1302 1806 duobus,

129 1839 206 1900 quae
226 1839 262 1879 ex
281 1818 400 1878 scholiis
420 1817 455 1876 ad
475 1816 549 1877 Plut.
569 1837 619 1877 66.
635 1815 699 1878 115
717 1827 747 1878 et
764 1816 826 1879 119
846 1820 1003 1898 adscriptis
1022 1829 1174 1900 petuntur,
1195 1823 1301 1882 deinde

129 1916 265 1995 reliquiis
292 1919 349 1995 eis,
382 1933 456 1994 quae
486 1933 520 1974 ex
549 1913 613 1974 aliis
642 1916 837 1994 scriptoribus
869 1917 904 1976 ad
937 1919 1135 1996 cognitionem
1169 1929 1300 1979 nostram

129 2021 342 2095 peruenerunt.

618 2144 733 2223 Caput
755 2147 810 2208 ΠΙ.

232 2286 291 2351 De
315 2283 571 2365 fragmentis
596 2284 710 2377 apud
734 2285 983 2350 scholiastes
1008 2287 1197 2352 seruatis

219 2431 248 2508 ἓ.
268 2429 299 2492 9.
329 2431 424 2508 Atque
443 2430 572 2508 primum
592 2427 628 2488 dc
652 2428 823 2508 fragmentis
848 2433 899 2510 eis,
924 2449 999 2509 quae
1023 2448 1059 2490 ex
1082 2431 1203 2491 scholiis
1222 2431 1298 2493 Plut.

128 2548 179 2590 uu.
206 2524 269 2590 115
293 2536 323 2588 et
349 2524 409 2588 119
434 2534 620 2607 promuntur,
643 2526 857 2605 explanandum
882 2537 935 2588 est.
983 2527 1024 2587 lle
1049 2526 1156 2606 quibus
1180 2529 1300 2590 scholiis

128 2636 163 2688 ut
190 2629 302 2687 rectius
331 2626 479 2686 iudicetur
507 2625 708 2703 iudiciumque
733 2631 869 2684 nostrum
893 2632 976 2686 certo
1000 2625 1127 2703 quodam
1151 2646 1209 2687 non
1233 2628 1299 2689 dico

128 2724 335 2803 fundamento,
365 2723 416 2783 sed
443 2721 574 2782 subsidio
599 2724 724 2802 nitatur,
751 2725 954 2782 necessarium
982 2740 1048 2783 esse
1077 2723 1149 2783 mihi
1172 2725 1299 2808 uidetur,

127 2824 227 2883 statim
256 2819 293 2880 ab
321 2821 406 2879 initio
435 2828 594 2896 utrumque
622 2818 767 2879 scholium
796 2819 832 2879 ab
860 2821 964 2880 eodem
988 2827 1109 2879 auctore
1133 2822 1298 2899 profectum

128 2937 195 2980 esse
224 2920 328 2998 paucis
356 2918 572 2996 demonstrare,
605 2935 672 2976 curn
700 2915 756 2976 hoc
785 2917 884 2998 modo,
916 2916 968 2977 ubi
995 2925 1151 2995 utramque
1180 2919 1299 2979 adnota-

127 3020 241 3078 tionem
264 3015 300 3075 ab
324 3014 427 3074 eodem
452 3013 607 3074 scholiasta
631 3015 829 3092 conscriptam
852 3033 918 3074 esse
942 3013 1298 3095 intellexerimusffirgu·

128 3115 237 3175 mentis
266 3115 322 3192 eis,
351 3110 459 3190 quibus
487 3111 543 3171 hoc
572 3112 768 3190 fragmentum
796 3112 832 3172 de
860 3111 958 3172 medio
988 3110 1092 3171 tollore
1117 3111 1299 3188 conabimur,

127 3210 243 3272 sublato
267 3209 317 3269 illo
340 3210 494 3287 grauitatis
518 3217 708 3286 augmentum
732 3217 820 3287 atque
839 3209 980 3286 ponderis
1000 3209 1076 3269 haud
1098 3209 1298 3286 spernendum

127 3315 287 3369 accrescat.
338 3305 448 3366 Scribit
476 3314 573 3366 autem
602 3306 758 3366 scholiasta
791 3305 826 3365 ad
859 3304 1064 3383 explicandum
1093 3305 1298 3382 Aristophanis

126 3423 251 3466 uersum
285 3400 348 3464 115
384 3405 435 3482 qui
466 3411 524 3464 est:
557 3397 628 3463 ‘acl
662 3393 753 3482 οἶμαι
785 3395 907 3481 ταύτης
938 3393 1140 3476 ἀπαλλάξειν
1173 3415 1210 3463 σε
1241 3401 1299 3483 τῆς

127 3495 338 3584 ὀφθαλμίας’
362 3501 447 3561 hacc:
471 3491 545 3561 ἀντὶ
565 3497 625 3560 τού
642 3497 700 3580 τῆς
719 3492 910 3581 πηρώσεως
932 3498 1026 3572 ἰδίως
1045 3491 1082 3560 δὲ
1102 3491 1298 3579 ὀφθαλμίαν

125 3593 190 3681 τὴν
221 3592 374 3679 πήρωσιν
406 3596 473 3659 τῶν
506 3589 694 3678 ὀφθαλμῶν
724 3610 819 3677 φησι·
850 3589 903 3658 διὸ
932 3591 986 3658 καὶ
1015 3593 1051 3658 ἐν
1080 3594 1124 3681 τῷ
1153 3593 1297 3682 δευτέρῳ

125 3694 382 3778 μεταπεποίηται
414 3691 487 3775 ςτῆς
518 3692 692 3775 συμφορᾶς
721 3687 842 3774 ταύτης
870 3707 907 3756 σε
935 3687 1091 3772 παύσειν,
1120 3677 1160 3772 ἧς
1189 3690 1297 3773 ἔχειςῖ

127 3795 268 3857 Scholion
297 3811 370 3855 uero
396 3791 432 3852 ad
457 3811 483 3852 u.
510 3790 572 3854 119
601 3796 767 3872 appositum
796 3794 847 3870 qui
876 3802 934 3853 est:
967 3782 1001 3852 ‘b
1031 3783 1115 3863 Ζεὺς
1143 3784 1204 3871 μὲν
1233 3777 1297 3853 οὖν

126 3882 194 3955 οἶδ’
221 3882 280 3968 ὡς,
308 3881 347 3951 τὰ
375 3881 504 3950 τούτων
532 3881 615 3969 μῶρ’
643 3885 692 3970 ἔμ’
718 3887 748 3950 εί
773 3890 779 3964 Ι
805 3879 942 3951 πύθοιτ’
968 3878 1010 3949 ἂν
1034 3884 1230 3970 salapinae&
1254 3892 1297 3950 sic

127 3996 307 4066 conceptum
331 3995 389 4047 est:
413 4006 430 4047 6
461 3977 544 4058 Ζεὺς
566 3978 628 4063 μὲν
652 3970 715 4046 οὖν
739 3978 835 4059 stede
856 3978 896 4048 τὰ
919 3979 1060 4047 τούτων
1083 3977 1123 4046 τὰ
1146 3983 1214 4047 τύν
1238 3977 1295 4046 ἄν·

125 4078 276 4167 θρύπων
290 4077 397 4145 πάντα
412 4077 517 4161 εἰδώς,
533 4076 601 4143 ἐπεὶ
616 4074 718 4143 οὐδὲν
733 4073 836 4144 αύτὸν
848 4075 1026 4144 λανθάνει·
1041 4080 1295 4164 μεταιτειτοίηται

127 4177 165 4246 δὲ
188 4177 252 4243 καὶ
275 4179 374 4243 τοῦτο
399 4177 434 4242 ἐν
457 4178 502 4266 τῷ
527 4173 678 4263 δευτέρῳ.
724 4179 803 4240 11666
832 4181 941 4242 scholia
966 4181 1101 4259 quisquis
1125 4179 1295 4260 perlegerit,

126 4301 165 4343 ne
189 4282 344 4342 minimum
367 4280 486 4358 quidem
505 4288 627 4358 propter
645 4276 703 4336 καί
723 4278 897 4354 particulam
921 4280 951 4338 in
976 4278 1068 4339 altero
1091 4275 1203 4337 scholio
1226 4285 1296 4355 post

126 4378 254 4439 uerbum
273 4375 528 4457 μεταιτετιοίηται
547 4375 689 4436 adiectam
709 4373 864 4456 dubitabit,
888 4376 958 4452 quin
979 4394 1012 4435 66
1036 4375 1072 4436 ab
1096 4393 1155 4436 uno
1179 4375 1294 4436 eodem·
