2956 5092
704 325 922 390 ..98-

231 485 496 547 Alexandrinorum
529 493 625 546 aetate
658 488 714 545 iam
747 485 899 564 deperdita
928 488 1117 549 refellendam
1145 488 1217 549 utile
1245 496 1291 549 est
1322 489 1403 569 frag·

230 592 361 644 mentum
385 583 460 666 445,
485 604 543 663 quo
563 586 733 644 continetur
752 587 939 644 accusatiuus
964 589 1045 647 uocis
1069 588 1134 647 eius
1153 604 1227 665 qnae
1252 594 1298 646 est
1319 576 1401 647 ἅνα-

228 681 339 761 πηρία.
382 681 453 742 Eius
481 682 589 761 duplex
613 689 659 740 est
686 684 842 762 memoria,
870 701 937 742 oum
962 692 992 742 et
1014 684 1092 762 apud
1116 685 1346 744 Antiatticistam
1372 692 1403 743 et

232 780 309 856 apud
334 779 454 839 Suidam
477 779 683 858 Aristophanis
705 778 791 838 Pluto
810 778 957 856 adscripta
982 782 1028 840 sit.

318 878 351 937 ln
371 897 404 936 ea
424 878 543 956 quidem
563 896 638 955 quae
658 884 811 955 superstes
830 886 876 936 est
893 876 972 936 Plnti
996 876 1092 936 fabula
1112 875 1225 936 nullum
1245 883 1291 935 est
1309 875 1403 936 huius

228 976 312 1033 uocis
342 976 515 1055 uestigium3
548 973 738 1033 nihilominus
767 973 930 1034 cauendum
960 983 1018 1055 est,
1051 992 1088 1033 ne
1120 982 1233 1034 temere
1265 991 1331 1032 eam
1366 973 1403 1033 ad

227 1071 347 1131 Plutum
376 1074 507 1150 priorem
537 1072 662 1151 referas;
690 1071 826 1131 facillime
855 1073 932 1130 enim
961 1073 1090 1149 scriptor
1123 1071 1159 1131 de
1188 1074 1252 1133 eius
1283 1073 1403 1151 origine

228 1186 329 1227 errare
357 1171 468 1251 potuit,
496 1169 531 1228 ad
561 1168 648 1228 talem
677 1168 791 1229 scilicet
820 1168 945 1228 fabulam
975 1187 1038 1228 eam
1062 1169 1259 1251 transferens,
1287 1171 1318 1229 in
1343 1188 1404 1248 qua

227 1257 404 1346 ἆνύπηρόν
430 1286 507 1326 τινα
534 1267 564 1324 in
593 1283 712 1326 scenam
740 1266 859 1344 prodire
887 1268 917 1324 in
951 1269 1064 1326 recenti
1096 1269 1236 1327 memoria
1264 1266 1404 1327 haberet.

230 1361 297 1421 Tibi
317 1364 374 1440 ipsi
398 1381 496 1422 nonne
519 1365 577 1422 iam
601 1361 678 1421 idem
702 1362 845 1421 accidisse
869 1360 1010 1424 sensisti?

317 1458 393 1519 Huic
423 1462 586 1538 suspicioni
617 1461 704 1518 etiam
733 1461 936 1521 testimonium
961 1464 1111 1521 succurrit
1132 1461 1270 1544 Pollucis,
1293 1463 1349 1539 qui
1372 1459 1406 1544 2,

234 1554 274 1617 61
296 1557 352 1616 hoc
376 1558 574 1636 fragmentum
594 1556 706 1616 Cratini
729 1556 824 1616 Plutis
848 1557 962 1618 fabulae
986 1559 1151 1640 adscripsit,
1169 1559 1205 1618 ad
1225 1557 1303 1647 quod
1324 1559 1406 1636 frag·

230 1664 363 1715 mentum
399 1648 448 1737 (fr.
481 1648 560 1738 168)
588 1658 651 1733 ipse
681 1652 824 1734 lloclriuS,
855 1673 921 1715 cum
954 1655 1000 1716 bis
1033 1659 1072 1717 sit
1103 1665 1166 1717 acta
1195 1655 1406 1734 Aristophanis

226 1753 341 1834 Plutus,
360 1762 423 1812 tres
442 1755 562 1812 omnino
581 1752 694 1812 fabulas
713 1771 778 1812 esse
798 1752 958 1834 adnotauit,
982 1754 1018 1812 ad
1038 1772 1111 1832 quas
1130 1753 1307 1814 uocabulum
1327 1752 1403 1814 illud

227 1851 378 1927 pertinere
406 1853 509 1928 possit.
554 1849 633 1909 Haec
662 1859 760 1909 autem
783 1868 850 1909 curn
875 1852 915 1910 ita
939 1853 1013 1932 sint,
1037 1870 1095 1910 non
1119 1851 1266 1933 intellego,
1289 1869 1347 1911 cur
1369 1851 1404 1910 id

228 1947 262 2005 ad
288 1966 352 2006 eam
376 1950 476 2026 potius
500 1947 626 2007 fabulam
652 1948 841 2007 referendum
866 1967 932 2008 esse
956 1966 1086 2029 censeas,
1110 1968 1169 2027 quo
1189 1950 1215 2007 si
1237 1947 1403 2030 rettuleris,

229 2046 357 2104 maiores
385 2044 440 2104 tihi
463 2044 653 2104 difficultates
677 2044 835 2105 obstabunt
859 2063 947 2123 quam
971 2047 996 2104 si
1019 2045 1053 2104 ad
1079 2045 1199 2105 alteram
1223 2044 1404 2105 rettulisses.

316 2142 418 2219 ltaque
438 2161 493 2220 ego
513 2142 632 2220 quidem
652 2142 721 2201 hnic
741 2143 905 2220 fragmento
929 2142 1001 2201 nihil
1021 2162 1088 2202 cnm
1107 2143 1193 2203 Pluto
1211 2145 1311 2222 priore
1332 2160 1402 2202 esse

228 2259 286 2300 non
306 2239 409 2300 dubito
428 2240 618 2321 contendere,
643 2240 693 2299 sed
714 2249 764 2299 aut
782 2258 850 2299 cum
869 2239 1018 2299 Brunckio
1038 2239 1265 2319 Hermannoque
1284 2242 1402 2301 arariam

227 2357 262 2397 eo
288 2339 434 2397 contineri
457 2337 615 2397 lectionem
639 2337 674 2396 ad
698 2337 777 2397 Pluti
800 2339 970 2414 superstitis
990 2356 1111 2397 uersum
1134 2334 1196 2398 115
1217 2338 1401 2416 adscriptam

228 2444 331 2514 putare
352 2434 504 2495 maluerim
524 2444 576 2494 aut
594 2453 661 2494 cum
682 2434 856 2513 Bambergio
881 2429 951 2516 (Lit.
971 2434 1136 2497 Cento-Bi.
1159 2433 1241 2496 1881
1267 2452 1295 2512 p.
1316 2429 1401 2515 962)

228 2533 263 2592 ad
286 2532 398 2592 Cratini
420 2531 523 2592 Plutos
547 2532 673 2614 referre;
698 2541 797 2592 utrum
821 2535 933 2592 rectius
957 2534 1008 2614 sit,
1027 2551 1113 2592 -nunc
1137 2552 1195 2592 non
1220 2541 1265 2592 est
1288 2531 1398 2592 diiudi-

229 2631 368 2711 candum3
388 2633 417 2689 in
433 2639 608 2690 transcursu
623 2639 736 2690 tantum
752 2649 984 2690 commemorare
999 2630 1086 2689 liceat
1100 2629 1171 2689 illud
1192 2627 1401 2689 uerisimilius

229 2729 325 2788 uideri
352 2738 524 2809 propterea,
553 2728 631 2806 quod
657 2731 763 2789 mirum
789 2747 858 2788 sane
882 2737 974 2809 esset,
1005 2730 1030 2787 si
1053 2727 1112 2787 duo
1136 2734 1239 2806 poetae
1264 2727 1338 2786 duas
1362 2726 1401 2785 de

226 2825 313 2884 Pluto
341 2824 452 2885 fabulas
476 2828 516 2884 ita
540 2828 738 2908 scripsissent,
760 2834 793 2885 ut
812 2829 890 2885 circa
910 2829 974 2885 eius
994 2828 1164 2885 caecitatem
1183 2831 1262 2884 totae
1281 2823 1401 2884 fabulae

228 2925 312 3000 quasi
336 2930 534 2983 uerterentur.

318 3019 346 3096 ξ.
368 3016 417 3080 15,
459 3020 630 3082 Proximum
655 3023 851 3100 fragmentum
875 3018 940 3080 446
965 3020 1058 3080 uerbo
1081 3021 1159 3099 qnod
1184 3029 1229 3080 est
1251 3017 1402 3099 γραΐζειν

233 3120 412 3200 continetur,
436 3119 470 3177 ad
491 3119 568 3197 quod
588 3118 715 3179 Belrlreri
734 3120 931 3179 Antiattioista
951 3119 1021 3177 haec
1039 3117 1130 3178 rrerba
1149 3120 1298 3196 apposuit:
1317 3108 1402 3178 ὅταν

227 3210 264 3278 τὸ
291 3207 523 3295 συναγόμενον
543 3211 579 3277 ἐν
597 3223 669 3288 ταῖς
692 3209 827 3296 χύτραις
844 3210 898 3275 καὶ
920 3209 1099 3293 ἐπνφρίζον
1119 3209 1282 3293 ἐκχέωσιν.
1317 3198 1403 3294 'Api-

231 3307 399 3393 στοῳύνης
427 3306 580 3397 Πλούτῳ.
626 3313 697 3373 lnde
721 3315 928 3394 consequitur,
958 3313 1185 3371 Antiatticistam
1210 3310 1295 3370 uerbi
1318 3312 1400 3389 quod

229 3421 275 3471 est
294 3409 439 3492 νρνΐζειν
455 3413 598 3489 originem
614 3411 745 3471 indicare
760 3411 899 3489 uoluisse,
919 3410 954 3469 ad
970 3409 1047 3488 quod
1064 3409 1251 3468 efficiendum
1269 3410 1402 3487 primum

229 3510 299 3588 quid
329 3509 512 3587 significetur
544 3508 600 3568 hoc
628 3509 721 3569 uerbo
749 3512 790 3569 ita
817 3509 950 3588 exponit,
979 3507 1011 3566 ut
1040 3506 1164 3565 similem
1193 3508 1220 3565 ei
1248 3507 1403 3566 notionem

227 3609 325 3666 inesse
356 3607 509 3666 uideamus
544 3614 632 3684 atque
660 3607 749 3666 latino
778 3606 885 3687 uerbo,
917 3604 996 3683 quod
1028 3613 1073 3664 est
1101 3600 1218 3685 libare,
1247 3599 1403 3664 delibare'.

229 3704 323 3764 Vnum
350 3712 447 3763 tamen
471 3706 627 3785 miramur,
655 3704 733 3782 quod
758 3723 816 3762 non
842 3704 988 3784 narrauit,
1012 3702 1159 3780 quomodo
1182 3701 1238 3760 hoo
1262 3699 1402 3784 uerbum,

229 3803 306 3880 quod
328 3822 342 3862 a
362 3820 436 3861 uoce
455 3805 688 3882 yporig=anus
707 3801 874 3861 deriualum
895 3819 959 3860 esse
975 3817 1061 3858 nemo
1077 3818 1135 3858 non
1151 3799 1241 3880 uidet,
1260 3799 1291 3857 in
1310 3797 1402 3858 talem

230 3919 352 3961 sensum
383 3899 463 3959 abire
487 3903 625 3978 potuerit.
672 3900 768 3977 Atque
791 3899 839 3957 hic
863 3899 954 3957 totius
973 3898 1016 3956 rei
1041 3896 1189 3955 cardinem
1214 3896 1293 3955 uerti
1315 3904 1402 3955 recte

229 4000 404 4076 cognouisse
433 3997 505 4057 mihi
534 3998 653 4057 uidetur
676 3996 869 4071 Bamhergius
899 4014 934 4054 eo
959 4012 1045 4072 quem
1071 4012 1159 4072 supra
1183 3991 1301 4052 laudaui
1323 3991 1402 4076 loco,

228 4099 278 4173 qui
302 4105 369 4156 ante
389 4094 494 4156 uerba:
515 4085 755 4176 Ἀριστοφάνης
773 4085 915 4175 Πλούτῳ
940 4089 1163 4169 explicationem
1184 4090 1310 4168 aliquam
1330 4090 1400 4150 sub·

230 4195 351 4253 stantiui
376 4192 452 4270 quod
478 4201 524 4252 est
546 4189 649 4272 γραῦς
673 4212 689 4251 ο
715 4200 854 4251 contextu
879 4189 1024 4249 excidisse
1044 4181 1188 4268 scribit.¹)
1230 4185 1314 4257 Quod
1339 4207 1399 4267 quo

304 4321 330 4386 1)
351 4319 391 4372 ‘es
411 4317 520 4373 seheint
539 4335 588 4373 vor
604 4314 739 4387 Ἀριστοῳ.
758 4313 876 4388 Πλούτῳ
896 4316 956 4369 eine
977 4313 1152 4382 Bemerkung
1174 4314 1242 4367 faber
1261 4314 1310 4367 das
1329 4312 1399 4367 Sub·

228 4397 334 4453 stantia
352 4399 440 4477 γραῦς
459 4397 634 4467 anagefallen
653 4417 685 4451 nu
704 4397 783 4451 sein?
