2956 5092
637 364 858 428 ..65-

152 529 240 608 anni,
269 545 345 606 quos
369 545 463 604 usqne
487 526 523 586 ad
546 525 676 586 Dioclem
701 526 872 587 archontem
896 529 1085 604 praeteriisse
1109 526 1265 586 scholiasta
1289 545 1332 586 ra·

152 628 241 686 tione
269 627 343 685 inita
369 625 493 684 inuenit.
539 624 648 684 Dioclis
675 627 766 704 igitur
789 642 865 683 anno
891 623 964 682 nihil
988 625 1147 702 significari
1170 625 1332 703 putandum

153 732 205 784 est
220 724 280 783 nisi
294 740 353 800 quo
368 729 502 800 tempore
517 741 552 782 ex
567 722 656 782 buius
674 721 847 782 scholiastae
867 724 1013 781 sententia
1032 721 1137 782 Plutus
1157 724 1188 781 in
1215 741 1334 782 scenam

154 822 320 881 commissa
344 821 391 899 sit,
414 818 443 879 id
468 820 548 898 qnod
572 822 681 898 optime
706 823 935 898 congruit‘cum
959 839 994 879 eo
1018 839 1104 900 anno,
1129 839 1216 899 quem
1245 839 1334 899 supra

155 919 381 997 computatione
406 917 643 978 deliniueramus.

249 1015 362 1076 Eodem
385 1034 462 1075 anno
486 1014 605 1075 Plutum
624 1018 755 1093 priorem
775 1015 890 1076 doctam
912 1034 978 1075 esse
998 1018 1085 1075 etiam
1105 1018 1332 1097 inuenissemus,

156 1118 183 1175 si
214 1113 401 1174 scholiastam
426 1132 455 1175 ιι.
479 1109 544 1172 972
568 1114 675 1173 ducem
699 1115 793 1172 secuti
823 1132 964 1173 essemus.
1011 1113 1038 1172 ls
1065 1117 1144 1173 enim
1169 1114 1332 1175 secundnm

156 1211 370 1272 Philochorum
395 1218 548 1270 senatores
573 1205 610 1270 ἐν
637 1207 682 1295 τῷ
712 1201 776 1287 πρὸ
799 1203 921 1272 τούτου
954 1205 1032 1292 (scil.
1061 1204 1241 1292 δράματος)
1270 1211 1333 1273 ἔτει

155 1301 242 1371 κατὰ
269 1301 404 1389 γράμμα
436 1308 540 1368 sedere
569 1310 702 1387 coepisse
732 1314 943 1367 commemorat
971 1307 1128 1386 paulloque
1156 1319 1223 1387 post
1253 1309 1333 1369 hunc

157 1427 270 1468 annum
299 1409 467 1467 accuratius
496 1406 598 1466 definit
622 1406 775 1484 Glaucippi
804 1405 954 1464 archontis
983 1407 1101 1464 nomine
1124 1405 1220 1486 allato,
1244 1424 1332 1484 quem

157 1507 195 1566 ol.
220 1503 273 1585 92,
302 1499 476 1584 3=410s9
505 1504 677 1563 archontem
707 1503 799 1562 luisse
828 1521 844 1562 e
868 1502 988 1561 Diodori
1007 1501 1072 1560 Xlll
1096 1500 1139 1562 43
1163 1503 1331 1569 edocemur,

156 1603 214 1662 Est
240 1605 332 1682 igitur
364 1621 471 1662 reuera
503 1601 683 1680 Glaucippus
712 1604 751 1683 is,
782 1601 833 1678 qui
863 1607 930 1659 ante
964 1599 1095 1659 Dioclem
1128 1603 1331 1678 magistratum

156 1719 340 1780 eponymum
362 1699 500 1761 obtinuit.

248 1799 277 1876 ἓ.
302 1797 332 1859 2.
374 1798 542 1858 Constituto
570 1814 649 1856 nunc
677 1797 834 1873 utriusque
863 1793 942 1853 Pluti
975 1796 1158 1855 recensionis
1182 1815 1258 1856 anno
1282 1800 1331 1876 ita,

156 1905 192 1957 ut
218 1899 351 1976 priorem
379 1915 456 1956 anno
479 1890 589 1976 409l8,
617 1894 813 1972 posteriorem
836 1910 912 1951 anno
937 1887 1031 1971 389s8
1056 1894 1086 1951 in
1110 1911 1228 1953 scenam
1252 1913 1330 1954 com·

157 1995 280 2054 missam
300 2011 365 2054 esse
384 1993 549 2072 putandum
568 1994 616 2072 sit,
639 1993 696 2049 iam
716 1990 884 2049 accedimus
903 1990 938 2049 ad
963 1992 1167 2068 quaestionem
1191 1995 1329 2070 grauissi-

156 2109 236 2150 mam
264 2091 361 2169 deque
385 2109 443 2169 qua
467 2092 545 2149 inter
570 2091 650 2148 uiros
673 2086 776 2147 doctos
800 2106 905 2165 magna
928 2096 974 2146 est
997 2088 1155 2148 dissensio:
1186 2109 1330 2167 quaeren-

157 2189 229 2248 dum
249 2168 329 2248 edim
353 2207 433 2248 nunc
452 2197 506 2269 est,
530 2196 626 2246 utram
652 2187 841 2264 superstitem
861 2185 960 2261 legere
980 2185 1035 2244 sibi
1055 2188 1113 2245 uisi
1133 2189 1192 2246 sint
1210 2196 1329 2247 ueteres

154 2289 338 2364 interpretes
361 2286 441 2346 Pluti
464 2287 632 2346 editionem.
1387 2356 1390 2362 Ι

247 2383 343 2462 Atque
364 2385 389 2443 si
409 2402 482 2461 eam,
501 2401 576 2461 quae
598 2380 712 2441 labulae
732 2380 861 2457 praefixa
880 2387 934 2460 est,
959 2380 1147 2440 didascaliam
1167 2384 1328 2463 sequimur,

153 2483 355 2560 posteriorem
379 2500 411 2540 se
431 2489 558 2541 tractare
578 2479 696 2541 Plutum
721 2476 950 2538 arbitrabantur.
992 2477 1025 2537 ln
1049 2487 1223 2556 argumento
1248 2483 1328 2539 enim

154 2587 264 2658 quarto
288 2581 331 2638 sic
351 2581 494 2658 scriptum
516 2579 654 2656 legimus:
678 2568 839 2654 ἐδιδάχθη
860 2569 911 2635 ἐπὶ
931 2567 1092 2655 ἄρχοντος
1103 2566 1329 2659 Ἀντιπάτρου,

152 2668 471 2756 ἀνταγωνιζομένου
490 2666 578 2759 αὐτῷ
602 2666 817 2753 Νικαχοίρονς
834 2674 900 2732 ατί.
920 2671 1110 2733 τελευταίαν
1134 2666 1171 2733 δὲ
1191 2668 1327 2749 διδάξας

150 2766 217 2854 τὴν
241 2772 423 2858 κωμῳδίαν
445 2766 570 2852 ταύτην
593 2766 644 2832 ἐπὶ
669 2768 712 2855 τῳ
738 2768 813 2854 ίδίῳ
838 2762 976 2848 ὀνόματι
999 2772 1066 2832 ατί.
1108 2771 1183 2830 Huic
1207 2773 1327 2850 quidem

152 2873 322 2932 sententiae
350 2891 410 2932 non
440 2879 606 2951 repugnant
637 2869 685 2928 alii
709 2867 876 2946 complures
900 2868 1084 2947 scholiastae,
1108 2871 1212 2947 quiin
1236 2870 1326 2930 rebus

152 2990 192 3031 ex
212 2972 389 3048 posterioris
412 2969 596 3049 temporibus
618 2967 698 3027 Plnti
721 2968 958 3026 commemoratis
977 2985 1014 3026 ne
1033 2969 1187 3026 minimum
1207 2968 1326 3045 quidem

150 3068 323 3148 offendunt,
348 3087 422 3147 quos
451 3087 520 3127 sane
549 3068 715 3126 offensuros
743 3065 834 3122 luisse
858 3065 1035 3143 putandum,
1067 3066 1092 3123 si
1115 3067 1246 3143 priorem
1270 3066 1326 3126 sihi

149 3166 276 3227 Plutum
296 3165 394 3244 legere
413 3167 471 3226 uisi
490 3171 598 3224 essent.
636 3162 684 3221 Sic
704 3164 735 3221 in
759 3162 870 3221 scholio
892 3162 927 3221 ad
947 3181 975 3221 u.
997 3159 1060 3222 173
1079 3165 1175 3240 primo
1194 3165 1324 3242 itemque

149 3268 184 3324 in
215 3264 346 3324 secundo
375 3264 409 3323 ad
439 3263 567 3324 eundem
596 3279 718 3321 uersum
744 3267 773 3319 et
796 3261 864 3320 inde
888 3279 904 3319 a
927 3267 1032 3338 quarto
1057 3260 1211 3337 usquead
1236 3262 1325 3321 finem

148 3359 248 3422 uerba
272 3379 305 3420 ea
325 3379 399 3440 quae
419 3369 501 3421 sunt:

332 3485 369 3554 τὸ
390 3485 421 3554 δ’
439 3489 475 3555 ἐν
494 3492 656 3577 Κορίνθῳ
677 3485 807 3567 ξενικὸν
826 3482 886 3572 οὐχ
905 3476 1003 3562 οὗτος
1020 3484 1146 3572 τρέφεις

149 3647 194 3706 ita
224 3643 421 3724 explicantur,
453 3653 487 3704 nt
516 3644 639 3705 dubium
668 3663 727 3703 non
755 3643 906 3723 uideatur,
932 3645 1003 3720 quin
1032 3644 1083 3720 qui
1112 3661 1146 3701 ea
1170 3645 1324 3720 scripserit

150 3749 207 3804 aut
229 3741 351 3802 alteram
376 3761 407 3802 se
431 3741 550 3803 Plutum
573 3743 672 3820 legere
696 3741 857 3801 arbitratus
876 3742 915 3800 sit
933 3748 984 3800 aut
1002 3742 1112 3819 prioris
1131 3759 1168 3800 ne
1189 3743 1322 3800 notitiam

150 3839 274 3919 quidem
296 3838 448 3919 habuerit3
472 3841 514 3899 sic
538 3857 628 3918 porro
652 3841 682 3897 in
702 3838 821 3898 scholiis
845 3839 880 3898 ad
904 3856 954 3896 uu.
976 3834 1047 3917 174,
1070 3834 1141 3918 176,
1160 3835 1230 3917 180,
1249 3835 1323 3918 290,

149 3931 229 4013 303,
251 3932 326 4016 314,
348 3932 414 3996 515
438 3935 473 3995 de
497 3935 649 4013 Pamphilo
668 3936 881 4015 Agyrrhioque,
904 3934 940 3993 de
964 3934 1129 4014 Timotheo,
1152 3933 1323 4016 Philoxeno,

148 4032 307 4093 Philonide
331 4033 428 4112 deque
452 4033 569 4094 Cereris
598 4037 715 4095 nomine
744 4053 779 4094 eo
809 4032 887 4111 quod
916 4038 961 4090 est
985 4023 1067 4110 Ληιί
1091 4034 1131 4091 ita
1155 4034 1266 4114 agitur,
1289 4041 1323 4093 ut

150 4132 181 4190 ei
210 4132 262 4208 qui
289 4131 409 4209 scripsit
443 4149 475 4190 se
508 4130 629 4191 alteram
662 4130 867 4209 Aristophanis
899 4127 1027 4187 labulam
1061 4128 1195 4189 manibus
1222 4137 1321 4190 terere

149 4235 288 4306 apertum
317 4228 410 4288 luisse
438 4229 588 4309 uideatur,
616 4231 674 4288 nisi
701 4230 777 4288 lorte
807 4245 858 4288 eos
886 4225 1034 4305 duplicem
1053 4225 1133 4286 Pluti
1160 4227 1322 4288 editionem

150 4328 273 4386 omnino
301 4328 454 4404 ignorasse
482 4333 613 4386 statuere
641 4328 744 4387 mauis.
790 4325 865 4385 lllud
889 4332 987 4384 tamen
1010 4323 1084 4384 mibi
1107 4324 1231 4384 similius
1255 4329 1321 4386 ueri

150 4443 218 4484 esse
247 4424 415 4505 uideretur,
445 4426 584 4503 quoniam
611 4425 685 4484 haec
713 4423 822 4485 scholia
850 4423 1006 4482 maximam
1031 4430 1146 4500 partem
1169 4439 1229 4480 non
1252 4422 1320 4482 talia

203 4534 384 4575 Dissertationes
397 4535 512 4576 Ienensea.
533 4536 574 4575 IV.
1091 4526 1107 4574 ὅ
