2956 5092
630 348 849 412 -954

151 527 279 588 prorsus
298 508 516 569 deturhauerit:
535 508 586 568 uhi
611 511 699 588 enim,
722 509 831 590 hercle,
851 514 1014 572 consistere
1034 513 1087 572 tihi
1103 514 1214 574 uideris
1228 534 1326 596 posse,

153 609 181 666 si
204 625 309 667 eorum
332 625 467 686 magnam
490 606 604 685 partem
628 625 730 666 errore
754 610 855 667 nescio
884 628 942 686 quo
972 609 1020 670 uel
1047 612 1123 670 uitio
1146 614 1224 672 inter
1248 612 1325 673 Pluti

152 706 264 782 prioris
284 704 424 782 reliquias
443 705 602 782 irrepsisse
622 701 828 764 concesseris?
861 705 971 766 Tamen
995 726 1053 788 me,
1077 709 1129 786 qui
1152 720 1325 787 argumento

152 804 332 880 grauissimo
361 804 449 861 etiam
482 801 667 879 reliquorum
699 795 842 860 ‘duorum
875 801 924 861 uel
952 799 1060 863 trium'
1093 805 1324 883 fragmentorum

152 901 354 977 integritatem
373 901 547 977 impugnare
567 896 640 955 mihi
659 897 770 971 uidear,
795 916 851 978 me,
874 901 1006 980 inquam,
1028 900 1131 961 obitu
1151 909 1325 962 cunctanter

153 999 346 1078 condituras,
373 997 442 1056 inde
465 997 582 1075 longius
605 1014 664 1054 non
689 994 843 1074 audacter,
867 997 919 1056 sed
943 999 1091 1076 impauide
1114 998 1324 1077 procedentem

152 1105 313 1154 secuturus
344 1114 402 1154 non
433 1092 488 1154 es?
534 1093 592 1152 Sed
620 1093 693 1151 haec
721 1092 877 1153 hactenus!
924 1094 966 1154 De
990 1096 1114 1173 singulis
1138 1115 1218 1156 nunc
1242 1098 1323 1156 uide-

152 1210 237 1251 amus
261 1193 332 1270 quid
356 1192 545 1252 iudicandum
570 1193 609 1250 sit
632 1191 812 1266 fragmentis.

243 1289 272 1364 ξ.
296 1288 343 1349 12.
379 1291 474 1368 Atque
504 1290 599 1367 primo
629 1287 694 1347 loco
718 1305 835 1367 eorum,
865 1309 939 1367 quae
963 1291 1138 1369 simpliciter
1162 1291 1248 1351 Pluto
1274 1295 1324 1352 tri·

152 1385 297 1464 buuntur‚
311 1387 543 1465 fragmentorum
555 1384 685 1444 llookius
699 1387 799 1462 posuit
812 1387 1026 1448 Antiatticistae
1042 1388 1134 1448 uerha
1148 1391 1178 1447 in
1196 1388 1325 1448 Bekheri

153 1483 313 1542 Anecdotis
337 1482 388 1563 84,
412 1481 433 1544 4
456 1483 542 1543 haec:

244 1575 341 1659 βλάξ,
369 1573 561 1659 βλακεύειν,
590 1572 827 1659 βλακεύεσθαι,
850 1575 1048 1661 καλβλύκες
1071 1578 1125 1643 καὶ
1148 1581 1324 1663 βλακικῶς·

151 1673 298 1738 Πλάτων
327 1678 468 1762 Γοργίᾳ,
497 1669 514 1738 ὁ
544 1668 644 1747 αὐτὸς
663 1668 883 1761 Εὐθυδήμῳ,
909 1670 1150 1760 Ἀριστοφάνης
1173 1674 1323 1764 Πλούτῳ.

241 1776 320 1835 llaec
345 1779 369 1835 si
394 1776 454 1836 sola
477 1775 655 1834 haberemus
674 1775 888 1834 Antiatticistae
908 1776 1009 1855 uerba,
1033 1796 1070 1837 ne
1089 1777 1235 1856 llochium
1260 1781 1323 1856 qui-

151 1873 230 1952 dem,
255 1874 324 1950 quid
348 1877 378 1932 in
400 1872 605 1951 Aristophanis
624 1870 709 1930 Pluto
731 1870 843 1932 dictum
863 1893 928 1934 esse
948 1884 1075 1956 putaret,
1099 1876 1324 1955 exsculpturum

150 1972 245 2030 fuisse
278 1975 468 2049 sponsionem
499 1972 641 2048 facerem;
673 1987 770 2046 neque
803 1974 881 2030 enim
909 1991 944 2031 er
974 1975 1030 2051 eis,
1066 1992 1141 2050 quae
1169 1982 1324 2050 praeterea

150 2068 328 2149 afferuntur,
347 2068 489 2146 exemplis
504 2066 565 2126 ullo
580 2066 667 2125 modo
683 2066 860 2126 concludere
880 2068 958 2150 licet,
977 2088 1086 2130 uocum
1106 2073 1322 2130 nominatarum

150 2164 249 2242 qtralis
272 2167 303 2223 in
326 2167 531 2243 Aristophanis
555 2164 640 2224 Pluto
665 2165 756 2222 fnisse
780 2167 919 2241 potuerit..
966 2167 1065 2226 Altero
1090 2171 1169 2226 enim
1192 2168 1323 2228 Platonis

147 2261 226 2339 loco,
251 2265 302 2339 qui
325 2274 370 2322 est
393 2263 566 2340 Gorgiaep.
585 2257 731 2322 4883:
734 2252 776 2320 σὺ
800 2248 873 2340 οὗν,
900 2255 1010 2343 ὥσπερ
1033 2257 1122 2345 ἤρξω
1146 2267 1322 2325 νουθετεῖν

148 2377 208 2468 με,
242 2353 286 2437 μὴ
317 2349 478 2476 ρλποστῃς,
511 2351 584 2420 ἀλλ’
618 2356 740 2430 ἱκανῶς
772 2380 828 2439 μοι
861 2357 1016 2438 ἔνδειξαι,
1046 2362 1082 2422 τί
1111 2360 1179 2420 ἔστι
1211 2359 1321 2469 τοῦτο,

149 2445 200 2514 ὃ.
247 2450 327 2515 ,καὶ
347 2450 406 2517 εὀλν
428 2477 467 2536 με
478 2450 594 2566 λαβγγς
617 2453 681 2516 νύν
705 2452 767 2566 μέν
791 2471 844 2516 σοι
868 2448 1172 2569 ὁμολογήσαντα,’
1156 2477 1193 2518 εν
1216 2452 1253 2518 δὲ
1275 2457 1320 2543 τῷ

146 2499 278 2634 ύστύρῳ
307 2551 416 2637 χρόνω
446 2546 489 2632 μὴ
517 2551 620 2614 ταῦτα
648 2546 849 2633 πράττοντα,
877 2547 960 2634 ἅπερ
990 2547 1203 2636 ὡμολόγησα,
1231 2548 1322 2616 πάνυ

147 2667 192 2728 με
220 2640 304 2728 ἡγοῦ
331 2648 454 2728 βλᾶκα
483 2641 570 2710 εἶναι
598 2645 652 2711 καὶ
681 2645 765 2711 ch.²
788 2654 928 2730 scriptam
953 2654 1089 2713 uidemus
1117 2671 1222 2712 uocem
1245 2672 1321 2731 quae

147 2757 199 2806 est
221 2740 314 2824 βλάξ,
338 2748 430 2808 altero
450 2768 532 2827 uero,
556 2751 607 2826 qui
626 2758 721 2808 exstat
739 2751 770 2808 in
789 2750 1013 2830 Euthydemip.
1032 2746 1179 2812 reth:
1185 2749 1221 2810 τί
1240 2743 1320 2811 ἄλλο

146 2863 200 2923 γε,
224 2829 317 2922 ἧνὸ’
339 2836 459 2924 ἐγω,”
439 2867 459 2925 η
481 2839 663 2925 ἐξήμαρτον
683 2838 791 2905 drot
757 2867 819 2924 την
842 2843 1063 2924 βλακείαν;’
1088 2866 1146 2908 uox
1169 2833 1322 2908 inuenitur

149 2959 229 3018 quae
249 2951 294 3001 est
312 2941 502 3021 βλακεια,ο
504 2962 558 3003 uae
578 2943 731 3004 tamenab
751 2945 975 3004 Antiatticista
968 2963 999 3003 m
1023 2946 1185 3024 conspectu
1209 2964 1320 3027 eorum,

149 3056 227 3116 quae
251 3058 319 3098 cum
343 3059 417 3100 uoce
441 3034 523 3119 βλάξ
547 3042 680 3101 eiusdem
703 3042 811 3102 radicis
835 3050 917 3122 sunt,
947 3043 1160 3103 uocabulorum
1188 3063 1247 3103 non
1276 3054 1322 3104 est

138 3145 331 3197 enumerata.

240 3234 326 3294 Nulla
349 3237 439 3312 igitur
462 3254 495 3294 re
519 3239 661 3314 cogimur,
685 3245 719 3296 ut
737 3236 812 3295 hanc
831 3238 924 3314 ipsam
944 3255 1048 3296 nocem
1069 3256 1144 3315 quac
1163 3248 1209 3298 est
1227 3232 1319 3317 βλάξ,

148 3334 182 3390 in
205 3331 409 3410 Aristophanis
432 3332 519 3392 Pluto
541 3336 672 3394 inueniri
695 3334 803 3394 dehere
832 3344 1004 3395 statuamus.
1049 3335 1129 3395 Nihil
1153 3350 1211 3417 est,
1240 3337 1319 3415 quod

150 3446 211 3488 non
239 3431 476 3510 acquiescamus,
504 3434 541 3511 si,
571 3441 605 3491 ut
631 3434 662 3490 in
688 3431 819 3491 Platonis
846 3430 1031 3510 Euthydemo
1060 3451 1119 3491 non
1147 3445 1198 3492 aut
1225 3437 1319 3512 ipsam

149 3543 255 3585 uocem
284 3545 359 3604 quae
388 3541 434 3587 est
464 3522 545 3607 βλάξ
573 3537 624 3589 aut
651 3529 736 3588 aliam
759 3528 886 3605 aliquam
910 3547 1025 3608 earum,
1053 3547 1128 3606 quae
1153 3532 1318 3591 nominatae

149 3633 249 3701 erant,
276 3626 460 3705 inuenimus,
489 3629 531 3685 sic
560 3645 596 3685 ne
625 3629 655 3686 in
677 3625 764 3685 Pluto
788 3625 907 3702 quidem
930 3625 1144 3704 Aristophanea
1167 3626 1196 3685 id
1220 3629 1318 3704 ipsum

148 3712 245 3796 βλάξ,
269 3720 321 3778 sed
345 3720 423 3781 aliud
447 3722 579 3781 eiusdem
599 3723 706 3782 radicis
725 3722 903 3782 uocabulum
922 3725 1211 3800 inuestigauerimus,
1248 3723 1318 3784 Tale

148 3827 248 3877 autem
282 3818 458 3879 uocabulum
491 3839 597 3879 reuera
630 3828 726 3880 exstat
757 3821 845 3878 etiam
877 3822 907 3878 in
926 3837 987 3899 οε,
1020 3838 1094 3898 quae
1122 3820 1158 3878 ad
1186 3827 1318 3879 nostram

149 3917 323 3974 memoriam
347 3919 466 3997 mansit,
489 3917 568 3977 Pluti
591 3918 700 3999 fahula;
724 3928 770 3978 cst
789 3935 896 3976 uersus
920 3913 999 3978 325:

330 4047 515 4138 ἀσπάζομαι
539 4054 583 4138 δ’,
608 4051 679 4140 ὁτιὴ
703 4051 886 4139 προθύμως
909 4049 1002 4138 ἥκετε

330 4149 386 4215 καὶ
410 4152 656 4237 συντεταμένως
678 4148 741 4216 κού
763 4151 1139 4236 κατεβλακευμένως.

239 4298 296 4356 Sed
331 4297 478 4376 quomodo
506 4297 635 4358 lloclrius
666 4300 697 4357 in
730 4317 794 4357 eam
827 4301 1002 4358 sententiam
1035 4298 1151 4378 incidit,
1183 4308 1217 4358 ut
1243 4297 1316 4358 hacc

149 4396 363 4455 Antiatticistae
389 4395 478 4455 uerba
503 4396 537 4454 ad
557 4395 676 4456 Plutum
699 4398 829 4475 priorem
852 4397 1003 4474 pertinere
1027 4393 1168 4474 putaret?
1204 4395 1315 4476 Nempe
