2956 5092
600 370 819 433 ...67-

117 609 125 622 ·
212 531 259 591 lll.
296 530 409 591 Eodem
438 532 525 591 modo
554 550 589 591 ex
618 531 764 591 similibus
792 532 1028 613 difficultatibus,
1057 533 1166 613 quibus
1195 543 1293 595 tamen

112 624 282 701 'mplicitus
310 647 370 688 non
399 637 492 709 esset,
526 631 583 687 nisi
612 628 810 706 praeiudicata
839 648 906 689 cnm
935 634 1074 708 opinione
1102 632 1137 691 ad
1166 632 1293 693 fabulam

103 707 376 806 interpretandam
400 745 558 806 aggressus
583 736 675 805 esset,
698 727 838 806 expedire
863 747 894 787 se
919 738 1042 789 conatus
1066 738 1112 789 est
1136 731 1293 790 scholiasta

98 809 229 884 tertius
251 844 281 885 u.
304 822 377 906 173,
401 825 450 885 nbi
474 842 582 885 uersus
606 823 667 882 ille:
689 816 727 884 τό
757 814 788 883 δ’
820 821 857 884 ἐν
885 826 1049 910 Κορίνθῳ
1078 822 1209 901 ξενικὸν
1232 819 1294 907 οὐχ

89 891 221 995 οὗτος
245 918 376 1003 τρέφει;
409 925 448 982 ita
477 922 654 1001 explicatur:
683 911 728 991 οδς
755 912 806 980 ἀεὶ
835 915 966 994 ξενικόν
993 944 1024 983 τι
1054 917 1198 1004 ἐχόντων
1225 923 1293 985 τῶν

80 993 332 1099 Κορινθίων,
354 1013 410 1079 καὶ
435 1011 495 1099 οὐχ
519 1010 563 1091 ὡς
586 1017 671 1078 ἔνιοι
694 1009 776 1077 κατὰ
799 1009 859 1077 τὸν
882 1012 1008 1097 χρόνον
1031 1019 1164 1082 τοῦτον·
1189 1019 1293 1101 δῆλον

74 1087 135 1156 δὲ
184 1113 215 1177 ἐκ
231 1115 293 1179 τοῦ
312 1114 349 1178 έν
368 1113 512 1199 δευτέρῳ
528 1111 703 1197 φέρεσθαι,
723 1105 760 1186 ὃς
779 1113 914 1194 ἔσχατος
934 1113 1097 1197 ἐδιδάχθη
1112 1110 1167 1178 ὑπ’
1189 1112 1294 1180 αὐτοῦ

67 1187 259 1299 εἰκοστῷ
291 1213 355 1275 ἔτει
384 1206 540 1295 ὕστερον·
573 1213 603 1274 εί
634 1205 693 1292 μὴ,
727 1204 807 1290 ὅπερ
840 1206 943 1285 εἰκὸς,
976 1210 1011 1275 ἐκ
1043 1214 1104 1275 τοῦ
1137 1212 1295 1296 δευτέρου

61 1285 280 1373 Πλούτου
302 1317 402 1374 τοῦτο
425 1306 665 1392 μετενήνεκται.
689 1307 757 1370 ἐκεῖ
777 1302 840 1389 γάρ
865 1301 978 1389 ὀρθῶς
997 1311 1070 1390 ἔχει.
1107 1305 1172 1392 ἤδη
1192 1306 1295 1393 γάρὸ

56 1378 352 1487 Κορινθιακὸς
364 1405 505 1490 πόλεμος
524 1404 665 1487 συνέστη
685 1402 795 1488 τρισὶν
814 1397 834 1486 ἢ
853 1404 1006 1487 τέτρασιν
1026 1409 1110 1471 ἔτεσι
1129 1404 1294 1488 πρότερον

53 1493 186 1566 τοῦ
203 1499 430 1587 Ἀντιπάτρου,
458 1499 511 1586 ἐφ’
539 1491 580 1567 οὗ
604 1499 783 1584 ἐδιδάχθη,
806 1499 861 1566 καὶ
884 1499 921 1566 τὸ
946 1501 1153 1587 συμμαχικὸν
1177 1502 1294 1588 ἐπανή-

51 1572 261 1668 &Quanto
285 1601 323 1666 έν
349 1604 515 1688 Κορίνθῳ.

210 1703 269 1763 Sed
288 1703 361 1765 haec
381 1722 451 1763 sana
470 1722 535 1762 esse
555 1721 614 1761 non
633 1712 759 1780 possunt
779 1703 945 1778 mirumque
965 1721 1035 1761 sane
1060 1703 1189 1784 uidetur,
1214 1705 1293 1782 quod

52 1782 150 1847 ”Q
184 1799 428 1862 llemsterhusius
452 1801 571 1879 quidem
592 1800 639 1859 uel
665 1800 811 1878 Ritterus,
836 1799 951 1858 iudices
975 1802 1071 1860 critici
1095 1803 1225 1879 alioquin
1250 1821 1293 1861 sa-

53 1880 283 1980 &fleissimt
309 1902 341 1959 in
370 1898 417 1959 his
446 1898 547 1958 uerbis
576 1898 772 1956 ollcnderunt.
823 1896 909 1976 Nam,
937 1916 996 1975 qno
1025 1899 1193 1959 euidentius
1221 1899 1294 1959 haec

55 1976 214 2056 “arba
242 2006 384 2074 corrupta
413 2015 478 2056 esse
509 2004 662 2073 appareat,
691 1994 761 2073 quid
790 1994 862 2053 dicit
890 1994 1068 2055 scholiasta?
1118 1996 1295 2059 Corinthios.

56 2075 189 2154 quia
209 2094 259 2154 hic
278 2113 386 2154 uersus
410 2097 441 2153 in
459 2093 546 2153 Pluto
570 2096 736 2171 posteriore
761 2092 883 2172 legatur,
909 2111 1026 2171 semper
1051 2095 1157 2154 milites
1181 2114 1293 2154 merce-

55 2172 220 2252 ¹¹{arios
256 2192 364 2253 aluisse
397 2192 544 2271 putandos
577 2209 655 2268 esse,
687 2208 759 2268 non,
792 2198 825 2248 ut
856 2190 990 2249 norrnulli
1024 2195 1211 2269 censuerint,
1244 2192 1294 2251 illo

56 2260 237 2350 tantum
261 2298 409 2370 tempore3
438 2290 489 2349 sed
515 2291 602 2348 etiam
627 2287 733 2346 melius
757 2287 829 2345 haec
854 2287 945 2346 uerba
970 2289 1111 2367 explicari
1140 2309 1240 2368 posse,
1269 2293 1295 2348 si

56 2376 152 2447 ἢῆ
177 2406 214 2448 ex
238 2389 405 2466 posteriore
424 2387 510 2446 Pluto
535 2385 675 2446 translata
699 2404 765 2444 esse
790 2393 946 2445 statuatur.
985 2387 1050 2456 Quo
1075 2394 1174 2446 autem
1198 2396 1293 2446 trans·
1386 2426 1389 2431 ,

56 2450 176 2545 lflta
201 2494 273 2546 sunt
296 2503 331 2544 ex
355 2487 521 2563 posteriore
546 2477 632 2543 Pluto
656 2483 729 2542 haec
752 2480 867 2542 uerba?
904 2483 935 2542 ln
960 2502 1024 2543 eam
1050 2484 1182 2564 sicilicet,
1206 2502 1292 2562 quam

61 2552 237 2662 lsaegebat
260 2582 432 2661 scholiasta,
456 2581 597 2660 fabulam,
627 2598 713 2658 quam
737 2583 934 2657 posteriorem
958 2600 1023 2640 esse
1047 2582 1169 2641 dixerat.
1215 2580 1294 2641 Haec

66 2678 265 2760 Qorrupta
288 2698 354 2740 esse
378 2687 408 2738 et
431 2678 530 2756 aliquo
553 2677 641 2736 modo
665 2677 847 2736 emendanda
872 2681 938 2755 quis
962 2688 1007 2738 est
1031 2682 1103 2757 quin
1121 2676 1294 2758 intellegat?

209 2777 400 2837 lntellexerat
427 2776 484 2835 hoo
513 2778 570 2834 iam
595 2773 830 2833 Heldermaunus
858 2777 889 2833 in
918 2776 1141 2853 quaestionibus
1169 2780 1231 2837 suis
1257 2777 1293 2836 de

75 2866 328 2954 Aristophanis
351 2873 438 2934 Pluto
467 2874 645 2949 conscriptis
668 2890 696 2949 p.
721 2869 742 2931 5
769 2870 871 2950 ibique
899 2873 1055 2951 legendum
1083 2884 1295 2954 proposuerat:

74 2958 226 3051 &prov
250 2963 288 3031 di
312 2965 346 3030 έκ
368 2968 429 3031 τοῦ
453 2966 489 3030 έν
512 2966 556 3053 τῳ
580 2964 729 3051 προτέρῳ
753 2963 932 3048 φέρεσθαι,
954 3020 960 3033 .
987 3018 1047 3034 ...
1074 2970 1105 3032 εἰ
1128 2963 1187 3051 μὴ,
1213 2965 1294 3053 ὅπερ

74 3061 225 3147 Ginaia,
252 3065 289 3130 έκ
315 3066 376 3128 τοῦ
406 3059 566 3147 δευτέρου
593 3064 692 3127 τοῦτο
721 3061 964 3145 μετενήνεκται·
996 3064 1064 3130 ἐκεῖ
1088 3061 1152 3148 γὰρ
1181 3061 1294 3147 ὀρθῶς

80 3155 195 3246 ἔχει.
252 3165 310 3225 Sed
343 3184 380 3225 ne
412 3165 486 3225 haec
519 3165 638 3243 quidem
669 3163 836 3228 emendatio
869 3165 988 3243 probari
1020 3176 1120 3246 potest
1152 3178 1293 3247 recteque

78 3244 340 3324 {leidermanno
367 3267 425 3324 iam
453 3264 646 3342 Bambergius
674 3266 705 3323 in
732 3261 916 3322 Fleckeiseni
949 3265 1097 3325 annalium
1131 3266 1184 3325 vol.
1209 3265 1293 3337 XCV,

91 3367 149 3440 ι).
167 3359 233 3424 403
257 3362 329 3423 illud
353 3364 504 3447 opposuit:
529 3361 620 3421 uerba
645 3378 719 3440 quae
741 3361 814 3419 sint:
838 3350 875 3431 δς
894 3359 1029 3440 ἔσχατος
1048 3355 1211 3442 ἐδιδάχθη
1232 3354 1291 3423 ὑπ’

96 3450 228 3521 αὐτοῦ
251 3456 389 3543 εἰκοστῷ
414 3458 477 3519 ἔτει
499 3449 657 3537 ὕστερον,
682 3459 821 3535 coniungi
845 3476 905 3516 non
930 3478 1017 3537 posse
1042 3479 1110 3519 cum
1135 3463 1191 3541 oiS,
1217 3479 1293 3539 quae

104 3559 193 3619 Sint:
217 3552 253 3617 ἐκ
275 3554 337 3617 τοῦ
361 3553 398 3617 ἐν
420 3549 569 3639 προτέρῳ
593 3550 765 3634 φέρεσθαι.

211 3654 270 3715 Sed
289 3656 321 3714 in
340 3653 476 3714 codicum
497 3656 644 3732 scriptura
663 3653 802 3732 quoniam
821 3655 969 3714 neminem
992 3657 1181 3735 acquiescere
1205 3674 1293 3734 posse

121 3770 212 3833 supra
240 3771 288 3812 me
316 3755 388 3811 satis
415 3751 581 3811 ostendisse
608 3750 750 3830 arbitror,
777 3751 944 3833 uideamus,
972 3773 1008 3814 an
1037 3754 1198 3814 feliciorem
1223 3773 1293 3813 con-

122 3850 266 3911 iecturam
298 3853 329 3910 in
361 3849 459 3909 lucem
493 3850 629 3926 prolerre
658 3851 816 3927 possimus.
867 3849 906 3909 Et
938 3855 1076 3929 quoniam
1108 3855 1192 3930 prius
1220 3851 1293 3911 illud

125 3946 274 4009 numerale
294 3948 373 4026 quod
393 3955 439 4007 est
457 3941 600 4030 δευτέρῳ
619 3949 649 4005 in
668 3941 817 4029 προτέρῳ
838 3951 946 4007 mutari
965 3969 1023 4009 non
1042 3969 1130 4028 posse
1154 3950 1293 4029 uidimus,

125 4042 199 4107 haud
223 4047 286 4105 scio
311 4063 348 4105 an
371 4048 401 4105 in
425 4044 581 4123 propatulo
606 4046 657 4123 sit,
685 4052 719 4102 ut
747 4043 872 4102 alterum
896 4045 968 4105 illud
992 4047 1143 4107 numerale
1167 4066 1239 4107 num
1262 4051 1293 4107 in

124 4137 287 4225 προτέρου
307 4145 416 4221 corrigi
435 4144 539 4222 possit,
559 4140 790 4201 consideremus
823 4139 880 4199 Sed
900 4141 973 4202 haec
988 4161 1106 4221 quoque
1122 4146 1293 4203 coniectura

125 4241 272 4301 reicienda
296 4249 342 4301 est
364 4251 487 4320 proptor
511 4258 553 4319 ea,
577 4257 651 4317 quae
674 4239 808 4316 proxime
828 4247 996 4314 sequuntur
1014 4238 1119 4299 uerba:
1143 4236 1212 4299 ἐκεῖ
1227 4231 1292 4319 γάρ

65 4320 236 4419 ’““·’δρθιός
264 4335 338 4418 ἔχει.
387 4338 461 4398 Nam
489 4335 561 4395 illud
591 4332 659 4397 ἐκεῖ
685 4340 770 4418 quin,
802 4339 827 4395 si
859 4343 941 4395 recte
974 4336 1223 4417 emendassemus,
1256 4337 1293 4396 ad

123 4438 254 4515 priorem
283 4435 403 4495 Plutum
431 4434 621 4494 referendum
650 4445 742 4517 esset,
771 4435 894 4496 dubium
922 4454 981 4495 non
1010 4444 1068 4496 est:
1098 4436 1133 4496 ad
1161 4438 1292 4515 priorem

1041 4535 1080 4588 ὓ*
