2956 5092
686 347 900 411 „90-

207 519 261 590 est,
285 518 365 569 certe
389 508 494 569 scholii
517 512 600 587 origo
625 504 675 590 (ex
698 509 805 569 Ritteri
830 501 990 591 sententia)
1020 509 1056 570 ab
1079 529 1114 571 eo
1139 509 1300 590 repetenda
1323 518 1382 592 est,

208 610 256 667 cui
280 615 436 685 utramque
460 605 578 667 Plutum
602 608 750 685 inspicere
774 607 871 686 licuit,
900 607 979 666 unde
1005 610 1173 668 necessario
1198 607 1380 668 concluden-

206 704 277 764 dum
300 713 346 764 est
368 703 424 764 hoc
449 703 582 764 scholion
605 706 808 783 conscriptum
830 723 895 765 esse
915 704 1014 780 abeo,
1039 707 1089 784 qui
1108 707 1238 788 priorem
1257 704 1380 767 Plutum

205 803 335 881 priorem
355 803 611 879 posterioremque
634 803 840 882 posteriorem,
863 820 922 863 uon
941 804 1139 881 posteriorem
1158 805 1289 882 priorem
1310 821 1379 863 esse

206 898 336 976 putabat.
388 898 477 977 Atqui
507 907 642 959 nostrum
671 898 829 979 scholium,
858 901 883 959 si
911 899 1012 979 modo,
1041 907 1074 959 ut
1102 909 1147 959 est
1175 900 1282 960 Ritteri
1311 919 1380 959 sen·

206 999 311 1076 tentia,
326 999 487 1075 genuinum
508 1006 562 1076 est,
581 1000 611 1057 in
631 999 763 1076 margine
782 996 861 1057 Pluti
879 999 1063 1057 recensionis
1081 999 1155 1077 eius,
1176 1016 1250 1075 quae
1269 1015 1380 1058 reuera

206 1095 288 1173 prior
321 1103 396 1174 erat,
427 1097 572 1173 scriptum
606 1096 697 1155 luisse
725 1114 760 1155 ex
788 1098 880 1156 totius
908 1094 1012 1155 scholii
1042 1103 1143 1155 tenore
1172 1094 1237 1155 luce
1266 1095 1380 1156 clarius

205 1200 335 1269 apparet.
377 1191 450 1251 Cum
474 1202 571 1252 autem
597 1211 675 1252 nrrnc
699 1195 778 1253 iuter
801 1192 912 1252 scholia
935 1210 969 1251 ea
992 1193 1172 1274 inueniatur,
1196 1211 1270 1270 quae
1291 1193 1379 1253 scho-

206 1288 300 1348 hastis
324 1289 443 1367 quidem
467 1290 502 1349 ad
527 1292 657 1368 priorem
680 1293 831 1369 pertinere
858 1289 1051 1369 uidebantur,
1078 1307 1184 1349 reuera
1212 1297 1311 1351 autem
1339 1291 1378 1351 ad

206 1388 402 1464 posteriorem
425 1387 545 1447 Plutum
569 1389 728 1467 pertinent,
752 1387 807 1447 hoc
832 1386 976 1447 scholium
1000 1389 1131 1447 omnium
1156 1404 1247 1447 unum
1266 1406 1302 1447 ex
1326 1388 1379 1448 ad·

206 1483 408 1543 notationibus
432 1486 475 1543 eis
500 1493 651 1544 seruatum
676 1493 729 1564 est,
753 1503 826 1563 quas
850 1487 950 1544 nescio
974 1487 1041 1564 quis
1062 1487 1093 1545 in
1112 1487 1244 1562 margine
1264 1485 1379 1546 codicis

203 1584 335 1661 priorem
358 1580 475 1642 Plutum
501 1583 682 1642 continentis
706 1582 911 1660 adscripscrat.
957 1582 994 1642 dt
1017 1585 1042 1642 si
1066 1584 1250 1662 quaerimus,
1275 1601 1290 1642 a
1315 1602 1377 1661 quo

203 1680 275 1740 illud
305 1679 450 1740 scholium
479 1680 514 1739 ad
543 1681 673 1758 priorem
701 1680 818 1741 Plutum
847 1683 1000 1759 pertinens
1028 1682 1106 1740 inter
1135 1687 1235 1740 nostra
1264 1681 1377 1740 scholia

139 1770 142 1775 ’
203 1777 239 1837 ad
268 1780 463 1855 posteriorem
495 1779 559 1837 eius
587 1779 715 1838 nominis
739 1777 865 1838 tabulam
891 1776 1091 1856 explicandam
1115 1784 1255 1854 congesta
1279 1785 1376 1837 trans·

203 1874 294 1935 latum
319 1877 370 1954 sit,
397 1877 545 1935 neminem
569 1876 749 1953 inuestigare
773 1877 886 1955 poteris
910 1877 966 1935 nisi
991 1893 1055 1956 eos,
1081 1876 1132 1954 qui
1156 1882 1189 1933 ut
1212 1876 1377 1952 scriptores

204 1972 325 2031 scholiis
349 1973 447 2032 dedita
467 1990 556 2050 opera
576 1974 752 2050 conscriptis
771 1974 1050 2052 interpretarentur,
1074 1971 1130 2032 sibi
1148 1979 1377 2051 proposuerant,

204 2072 411 2147 grammaticos
434 2069 656 2128 Alexandrinos.
695 2068 780 2130 Nunc
804 2089 877 2130 uero
901 2070 1166 2130 Alexandrinorum
1189 2067 1377 2147 temporibus

204 2166 294 2227 altera
319 2174 433 2228 tantum
452 2166 533 2226 Pluti
552 2169 686 2227 recensio
711 2175 864 2244 superstes
888 2166 1021 2227 exstabat
1045 2166 1215 2246 eademque,
1239 2183 1314 2244 quae
1338 2167 1376 2228 ad

203 2272 334 2324 nostram
363 2267 534 2324 memoriam
563 2267 679 2326 mansit.
725 2265 831 2324 llitteri
858 2266 948 2342 igitur
972 2267 1142 2324 coniectura
1166 2265 1192 2324 si
1214 2271 1296 2324 recta
1318 2271 1376 2346 est,

204 2362 302 2422 lacere
327 2380 385 2421 non
408 2381 577 2440 possumus,
602 2364 673 2440 quin
697 2361 768 2422 illud
794 2361 936 2442 scholion,
960 2362 1039 2441 quod
1062 2364 1093 2422 in
1113 2362 1224 2422 codicis
1242 2363 1376 2439 priorem

203 2459 322 2520 Plutum
344 2461 523 2520 continentis
541 2462 673 2538 margine
693 2459 729 2519 ab
749 2461 869 2537 antiqno
888 2462 1078 2538 grammatico
1098 2460 1279 2537 adscriptum
1301 2467 1377 2539 erat,

203 2556 253 2616 illo
277 2559 341 2636 ipso
367 2567 499 2636 tempore
523 2576 558 2617 ex
580 2575 615 2617 eo
636 2557 737 2617 codice
756 2560 835 2618 inter
855 2558 964 2618 scholia
983 2558 1018 2618 ad
1038 2557 1157 2618 Plutum
1176 2559 1376 2636 posteriorem

203 2656 381 2733 pertinentia
401 2655 526 2715 relatum
546 2673 613 2715 esse
637 2662 810 2735 statuamus,
834 2674 901 2715 cum
924 2657 1007 2733 prior
1025 2654 1139 2730 Plutus,
1162 2656 1260 2732 itaque
1284 2656 1376 2715 etiam

203 2753 295 2813 codex
323 2751 373 2812 ille
401 2770 460 2812 non
489 2754 545 2811 iam
574 2752 720 2834 exstabat,
749 2753 799 2812 sed
827 2752 943 2830 pridem
966 2754 1127 2814 interierat.
1175 2751 1259 2822 Quod
1284 2769 1376 2829 quam

203 2849 365 2911 absurdum
390 2851 436 2928 sit,
460 2868 546 2909 nemo
570 2868 630 2910 nou
654 2851 749 2929 uidet;
773 2849 969 2928 supersedere
993 2852 1084 2929 igitur
1106 2867 1229 2928 possum
1249 2847 1375 2909 alteram

202 2956 315 3026 partem
340 2949 528 3006 coniecturae
554 2946 731 3006 Ritterianae
756 2947 918 3027 discutere,
947 2949 977 3006 in
1003 2965 1059 3025 qua
1083 2947 1230 3026 quomodo
1254 2965 1375 3028 uersus,

203 3046 254 3123 qui
278 3062 357 3103 nunc
380 3044 498 3125 legitur,
521 3047 552 3104 in
576 3044 721 3104 editiones
744 3053 861 3104 nostras
884 3046 1070 3124 peruenerit,
1093 3046 1221 3123 exponit.

291 3141 394 3220 ltaque
418 3144 505 3202 etiam
529 3142 677 3222 Ritterus,
701 3141 788 3201 homo
813 3143 1029 3222 sagacissimus,
1052 3132 1109 3202 ἀπ’
1131 3137 1263 3213 ἐλπίδος
1285 3131 1377 3221 ἡμᾶς

201 3231 398 3318 καταβαλών
422 3233 566 3319 μεγάλης
586 3230 770 3319 ἀπέρχεται,
796 3257 852 3317 qua
872 3239 954 3300 ducti
973 3257 1040 3299 eum
1060 3257 1164 3299 omnes
1183 3238 1376 3301 difficultates

201 3345 387 3398 remotorum
411 3345 441 3398 et
465 3337 595 3417 quidde
619 3337 675 3396 hoc
695 3336 807 3396 scholio
831 3336 1021 3396 iudicandum
1045 3344 1133 3415 esset,
1157 3336 1375 3415 explicaturum

202 3453 268 3495 esse
292 3435 492 3514 sperabamus

290 3530 335 3593 lV.
372 3531 410 3592 Et
439 3534 589 3614 quoniam,
618 3531 712 3592 donec
740 3530 914 3591 scholiastae
941 3532 972 3590 in
1000 3530 1137 3591 omnibus
1165 3531 1255 3592 rebus
1283 3531 1374 3593 fidem

201 3629 370 3704 tribuimus,
394 3630 468 3690 nihil
492 3648 545 3688 nos
569 3630 713 3708 proficere
737 3631 808 3689 satis
828 3628 994 3690 luculenter
1013 3631 1158 3708 apparuit,
1183 3647 1262 3689 nuno
1285 3629 1375 3692 aliam

201 3731 280 3788 uiam
308 3729 436 3805 ingressi
464 3726 631 3808 uideamus,
660 3745 731 3787 num
760 3729 803 3787 sic
832 3727 907 3786 lorte
936 3728 1010 3787 certi
1040 3725 1110 3804 quid
1139 3725 1214 3786 lucri
1242 3744 1277 3786 ex
1305 3728 1375 3788 eius

201 3824 389 3885 adnotatione
413 3826 590 3886 auferamus.

290 3922 361 3983 Eam
389 3930 501 4002 autem,
525 3923 695 4001 quaemihi
720 3925 750 3983 in
775 3926 872 3983 auimo
896 3931 955 4003 est,
979 3925 1058 3983 uiam
1081 3924 1195 4001 primus
1218 3924 1375 4000 ingressus

201 4029 247 4082 est
266 4020 288 4080 F
291 4021 444 4080 ranciscus
462 4019 634 4080 Volcmarus
653 4020 813 4100 Fritzsche,
838 4023 889 4099 qui
912 4027 942 4080 iu
962 4019 1047 4098 libro,
1071 4021 1119 4079 cui
1138 4037 1246 4078 nomen
1265 4017 1376 4080 indidit

201 4121 390 4197 quaestiones
414 4119 656 4200 Aristophaneus,
683 4138 711 4198 p.
737 4117 800 4180 174
823 4104 880 4178 hoc
904 4117 990 4177 modo
1015 4136 1051 4176 ex
1074 4114 1298 4176 difficultatibus
1321 4134 1373 4176 ex·

201 4215 302 4294 pedire
339 4233 371 4274 se
403 4223 526 4276 conatus
560 4225 618 4278 est:
655 4212 730 4277 ‘lste
763 4217 919 4278 scholiasta
952 4235 1019 4276 cum
1052 4217 1116 4275 aliis
1146 4216 1284 4293 opinatus
1316 4222 1374 4296 est,

202 4320 337 4372 nostrum
360 4311 479 4373 Plutum
503 4332 568 4373 esse
592 4316 731 4392 priorem.
775 4313 920 4384 Quocirca
945 4312 1082 4372 Comicus
1106 4314 1136 4372 in
1160 4313 1259 4390 priore
1283 4308 1373 4371 Pluto

202 4413 375 4490 scripserat:
402 4407 461 4490 τῆς
489 4408 664 4491 συμφορᾶς
690 4406 811 4490 ταύτης
834 4422 870 4470 σε
893 4402 1049 4488 παύσειν,
1077 4401 1098 4488 ἥ
1121 4400 1152 4469 o’
1178 4406 1259 4488 ἔχει,
1287 4415 1317 4467 at
1340 4409 1373 4469 in
