2956 5092
693 343 915 406 ..73-

219 524 276 583 que
297 508 426 583 priorem
446 504 563 564 Plutum
580 504 678 581 legere
699 503 755 563 sibi
774 505 830 562 uisi
851 512 959 582 essent,
978 504 1144 582 explicandi
1164 522 1247 582 spem
1271 503 1391 564 abicere
1408 538 1411 543 ·

218 609 248 661 et
268 604 351 680 qnasi
365 601 541 661 miraculum
562 608 693 660 statuere
713 599 867 680 uellemns,
887 600 1060 660 scholiastae
1083 602 1301 661 adnotationem
1320 619 1394 685 non,

218 709 252 759 ut
274 698 466 777 Bambergius
490 698 593 778 uoluit,
617 698 652 757 ad
677 697 808 777 alteram,
833 698 884 757 sed
909 699 943 757 ad
968 701 1100 776 priorem
1118 699 1238 759 Plutum
1258 699 1392 758 releren-

218 797 284 856 dam
312 815 378 856 esse
401 799 432 855 in
456 797 519 856 dies
543 799 635 873 magis
663 797 815 874 magisque
844 795 983 855 intellexi.
1025 795 1084 855 lam
1113 805 1211 857 autem
1243 797 1393 874 quomodo

217 893 273 953 hoc
297 894 442 954 scholium
466 893 671 972 explicandum
695 895 742 972 sit,
766 910 918 970 exponam.

309 992 404 1070 Atque
428 1011 492 1051 mea
518 991 636 1069 quidem
661 992 807 1050 sententia
830 992 921 1049 totius
940 992 985 1049 rei
1007 991 1095 1051 cardo
1114 994 1144 1051 in
1165 1010 1198 1051 ea
1217 993 1392 1068 quaestione

218 1091 361 1168 uertitur,
393 1108 550 1167 quemnam
578 1108 632 1168 per
662 1107 766 1149 uocem
789 1085 910 1148 τοῦτον
935 1090 1094 1166 significari
1118 1099 1265 1167 putemus,
1288 1096 1392 1153 utrum

220 1187 446 1264 Aristophanem
466 1207 502 1247 an
522 1186 719 1266 Chremylnm,
739 1188 789 1263 qui
807 1185 887 1246 hunc
902 1205 1024 1246 uersum
1039 1189 1220 1265 pronuntiat.
1251 1185 1392 1264 Chremy-

219 1282 279 1342 lum
309 1287 334 1343 si
357 1303 411 1362 per
440 1303 605 1363 pronomen
628 1282 749 1344 τοῦτον
773 1285 932 1361 significari
956 1286 1127 1365 statuimus,
1155 1293 1218 1344 tum
1242 1283 1307 1342 fieri
1331 1302 1392 1343 non

220 1388 326 1459 potest,
352 1383 424 1459 quin
447 1385 478 1440 in
496 1382 599 1441 uerbis
623 1380 816 1459 sequentihus
836 1400 910 1460 quae
931 1392 1015 1442 sunt:
1039 1382 1195 1460 πεποίηκε
1219 1374 1256 1440 δὲ
1278 1375 1335 1440 καὶ
1355 1377 1393 1442 ἐκ

216 1469 526 1556 Ἐκκλησιαζούσαις
553 1470 635 1538 αὐτό
663 1479 692 1537 id
717 1481 917 1560 contineatur,
947 1481 1025 1558 quod
1049 1483 1085 1559 ei,
1113 1482 1163 1558 qui
1192 1497 1246 1557 per
1269 1475 1393 1539 τοῦτον

221 1577 418 1657 significatur,
443 1587 618 1656 opponatur.
667 1576 819 1636 Sententia
843 1580 934 1654 igitur
956 1577 1029 1637 haec
1052 1577 1114 1636 lere
1138 1579 1235 1636 inesse
1262 1577 1394 1654 putanda

218 1681 277 1732 est:
316 1673 491 1753 Lycophron
523 1675 611 1754 hune,
641 1677 659 1734 i.
684 1694 708 1734 e.
733 1674 920 1752 Chremylum
949 1678 1077 1754 primum
1109 1675 1202 1734 lacem
1224 1675 1393 1752 postulasse

221 1771 430 1854 arbitrabatur,
454 1774 531 1851 quod
552 1772 630 1832 idem
654 1773 717 1832 lere
736 1772 816 1832 ualet
834 1779 936 1848 atque:
959 1771 1135 1851 Lycophrou
1158 1774 1188 1830 in
1206 1771 1260 1830 hac
1279 1773 1394 1832 Aristo·

220 1869 326 1946 phanis
349 1870 428 1930 Pluti
453 1869 550 1929 labula
573 1871 702 1947 primum
721 1848 815 1928 laceln
830 1870 1007 1947 postulatam
1032 1889 1096 1930 esse
1116 1867 1327 1950 arbitrabatur,
1352 1879 1394 1951 at,

218 1968 315 2043 inquit
345 1967 571 2046 Eratosthenem,
594 1969 652 2025 iam
681 1959 770 2048 (καί)
803 1968 834 2025 in
861 1965 1074 2028 Ecclesiazusis
1104 1968 1160 2026 hoc
1193 1966 1302 2026 lactum
1336 1978 1393 2029 est.

219 2063 299 2122 Haec
323 2068 468 2125 sententia
493 2083 598 2142 perse
622 2083 692 2123 sane
715 2066 812 2123 inesse
837 2072 938 2140 posset
957 2082 1054 2142 neque
1077 2065 1227 2146 haberem,
1250 2085 1304 2125 cur
1326 2086 1394 2127 eam

219 2163 430 2242 uituperarem,
444 2164 503 2222 nisi
518 2171 614 2222 tamen
629 2180 753 2240 prorsus
768 2161 916 2221 reicienda
932 2161 1003 2220 mihi
1018 2162 1173 2221 uideretur
1187 2181 1253 2222 esse
1267 2173 1394 2243 propter

218 2258 310 2318 nerha
334 2261 488 2337 sequentia
513 2276 588 2336 qnae
612 2265 694 2318 sunt:
723 2249 808 2318 ἀλλὰ
832 2250 896 2337 γὰρ
920 2252 1081 2339 Στράττις
1103 2251 1168 2340 τρὸ
1192 2250 1394 2342 ἀμφοτέρων

218 2349 347 2416 τούτων
375 2357 456 2436 ach,
484 2374 559 2434 quae
588 2355 676 2414 latine
704 2357 744 2415 ita
772 2357 834 2415 lere
863 2357 1084 2434 interpretanda
1112 2366 1214 2418 erunt:
1243 2353 1284 2416 ‘at
1311 2362 1392 2418 enim

220 2453 339 2513 Strattis
367 2462 434 2514 ante
463 2454 538 2513 hanc
570 2461 725 2530 utramque
755 2452 881 2513 fabulam
909 2451 1057 2515 Potamios
1089 2455 1199 2515 docens
1222 2454 1393 2534 Philyllium

219 2551 295 2611 hanc
318 2571 381 2612 rem
405 2555 534 2630 primum
558 2553 723 2610 instituisse
747 2547 867 2611 narrat'
910 2551 942 2611 Si
964 2553 1169 2613 antecedentia
1193 2551 1285 2612 uerba
1300 2571 1393 2631 supra

219 2658 300 2709 recte
320 2669 459 2728 expressa
479 2657 558 2730 sunt,
577 2667 657 2709 nunc
677 2650 773 2709 lacere
793 2669 853 2709 non
867 2667 998 2729 possum,
1014 2653 1085 2728 quin
1101 2650 1246 2710 ellendam
1260 2652 1393 2727 primum

219 2750 249 2806 in
277 2748 431 2826 particulis
459 2767 533 2826 quae
558 2756 640 2807 sunt:
668 2737 752 2806 ἀλλὰ
774 2739 852 2828 γάρ,
879 2748 986 2807 deinde
1016 2751 1047 2807 in
1071 2748 1172 2807 uerbis
1194 2740 1259 2825 πρὸ
1282 2737 1394 2826 ἄμφο-

218 2840 325 2923 τέρωκ
347 2838 487 2906 τούτων.
534 2845 592 2905 Pro
615 2844 769 2923 particulis
793 2848 872 2904 enim
896 2836 979 2905 ἀλλὰ
1001 2839 1079 2928 γάρ,
1110 2865 1185 2924 quae
1209 2847 1329 2925 proprie
1353 2847 1394 2906 ad

220 2943 452 3004 confutationem
475 2946 506 3003 in
535 2945 700 3002 orationem
722 2944 909 3003 inserendam
934 2952 1130 3024 usurpantur,
1153 2943 1393 3005 desideraremus

221 3033 305 3102 oillei
329 3042 379 3102 uel
398 3037 444 3120 δέ,
468 3059 536 3101 eum
556 3060 598 3118 ea,
623 3039 732 3119 quihus
751 3040 954 3119 Lycophronis
974 3043 1120 3100 sententia
1139 3041 1299 3100 refellenda
1319 3051 1394 3123 erat,

221 3139 314 3198 uerba
338 3134 509 3220 (πεποίηκε
533 3132 570 3198 δὲ
592 3133 673 3220 κτλ.)
701 3141 759 3197 iam
782 3148 866 3198 antea
895 3140 991 3216 posita
1014 3147 1114 3198 essent
1138 3157 1233 3217 neque
1257 3141 1313 3224 iam
1338 3143 1395 3222 eis,

220 3255 295 3315 qnae
315 3244 491 3317 sequuntur,
515 3236 594 3296 aliud
614 3237 784 3296 alliceretur
804 3255 892 3315 quam
911 3237 966 3296 alia
985 3237 1132 3295 sententia
1150 3237 1315 3298 afferretur.
1357 3237 1393 3297 In

219 3337 262 3394 eis
291 3343 390 3408 autem
417 3334 519 3394 uerbis
548 3353 623 3414 quae
648 3343 731 3394 sunt:
757 3326 822 3414 πρὸ
852 3325 1050 3414 ἀμφοτέρων
1077 3325 1205 3393 τούτων
1232 3341 1393 3413 propterea

219 3433 413 3514 offenderem,
442 3435 510 3512 quia
538 3433 752 3493 Eratosthenes
779 3431 1005 3511 Lycophronem
1033 3449 1087 3510 per
1114 3431 1207 3490 uerba
1234 3431 1393 3511 πεποίηκε

219 3523 256 3590 δὲ
279 3533 346 3591 κτλ.
374 3531 559 3590 refutaturus
588 3530 690 3591 uerbis
721 3530 916 3608 sequentibus
946 3527 1002 3589 sibi
1030 3531 1088 3608 ipsi
1116 3528 1334 3590 contradiceret
1363 3540 1394 3591 et

220 3647 295 3706 qnae
323 3627 410 3687 modo
439 3627 565 3709 dixerat,
593 3628 751 3688 refelleret.
803 3627 834 3686 Si
862 3629 953 3706 igitur
985 3625 1141 3686 scholiasta
1172 3626 1393 3687 adnotationem

219 3743 303 3784 suam
330 3726 361 3784 in
389 3724 465 3784 hanc
489 3724 551 3784 lere
576 3725 700 3785 sormam
723 3725 895 3805 redegisset,
919 3732 953 3784 ut
976 3723 1135 3784 scriberet:
1164 3719 1351 3803 ‘Lycophron
1376 3745 1393 3785 a

220 3820 386 3902 Chremylo,
405 3824 423 3880 i.
444 3839 469 3881 e.
488 3823 519 3881 in
538 3821 624 3882 Pluto
642 3822 740 3882 labula
758 3824 888 3902 primum
908 3823 1001 3882 lacem
1016 3821 1160 3900 postulari
1178 3821 1393 3904 arbitrabatur3
1464 3806 1466 3812 ¹

219 3919 271 3979 sed
298 3919 355 3978 hoc
383 3918 490 3980 falsum
518 3929 563 3980 est
588 3911 714 4003 (ἄλλά);
743 3939 809 3980 nam
840 3912 932 4002 (γάρ)
960 3921 991 3978 in
1019 3918 1230 3979 Ecclesiazusis
1260 3923 1391 3997 primum

218 4018 275 4077 hoc
303 4018 413 4077 lactum
438 4025 491 4076 est.
533 4017 717 4096 Quamquam
733 4022 807 4079 seio
831 4036 897 4078 esse
923 4007 1021 4097 (oillei
1045 4017 1093 4076 nel
1117 4012 1179 4099 δέ),
1202 4021 1253 4096 qui
1276 4038 1336 4079 non
1361 4023 1392 4080 in

218 4116 430 4177 Ecclesiazusis
459 4114 494 4174 ah
522 4116 731 4197 Aristophane,
760 4117 812 4176 sed
841 4134 856 4174 a
879 4113 1013 4192 Philyllio
1041 4113 1098 4173 hoc
1127 4117 1254 4193 primurn
1279 4117 1392 4188 lactum

219 4233 285 4274 esse
301 4221 450 4294 censeant,
475 4232 602 4292 qnorum
621 4216 651 4273 in
666 4232 791 4274 numero
806 4222 852 4274 est
871 4214 958 4272 etiam
976 4211 1104 4291 Strattis,
1124 4213 1175 4271 sed
1190 4215 1233 4272 eis
1252 4216 1392 4274 assentiri

219 4330 279 4371 uon
302 4307 450 4390 possum':
474 4313 499 4371 si
521 4312 579 4371 hoc
602 4313 665 4371 sere
689 4312 776 4372 modo
800 4309 975 4371 scholiastae
998 4309 1090 4369 uerba
1114 4317 1257 4388 concepta
1280 4321 1391 4393 essent,

218 4418 282 4470 turn
307 4429 377 4469 sane
402 4410 466 4469 heri
490 4428 547 4468 non
567 4416 678 4490 posset,
703 4411 773 4488 quin
796 4408 1024 4468 Eratosthenem
1043 4407 1164 4468 alteram
1189 4405 1268 4468 Plnti
1287 4427 1391 4470 recen-
