2956 5092
679 318 897 393 „92ss

200 494 304 554 similis
332 501 363 554 et
389 511 405 552 a
433 493 589 553 scholiasta
619 493 738 553 demum
766 510 887 552 uersum
916 495 1001 571 quasi
1029 492 1171 553 odorante
1200 495 1231 552 in
1263 509 1374 552 uersus

202 590 288 670 probi
312 593 436 651 formam
460 584 613 673 redactus)
638 593 936 669 interpretamentum
961 594 1107 651 contineri
1130 610 1235 670 parum
1258 590 1373 651 intelle-

200 692 278 749 xisse
310 696 340 749 et
370 692 424 769 ita,
457 690 629 748 inscientiae
658 688 832 748 coniciendo
861 689 1102 770 subuenientem,
1132 707 1200 749 cnm
1229 690 1256 748 ei
1284 688 1375 748 simul

201 787 277 846 forte
302 786 427 865 qtradam
452 786 579 865 duplicis
602 785 682 846 Pluti
705 788 888 846 recensionis
916 789 946 846 in
974 797 1103 848 mentem
1131 789 1261 866 ueniret,
1288 786 1375 846 illum

200 902 335 963 uersum,
369 886 433 943 siue
466 886 496 942 in
530 885 662 962 margine
695 883 877 963 adscriptum
907 887 971 945 siue
1005 888 1081 945 intra
1114 885 1236 945 lineolas
1268 903 1373 962 super·

202 984 346 1060 scriptum
373 1000 408 1040 ex
433 983 599 1059 posteriore
619 981 704 1042 Pluto
728 982 865 1044 haustum
890 1001 956 1043 esse
980 985 1204 1044 existimauisse.
1240 981 1278 1042 Et
1295 1000 1374 1060 quae

199 1078 257 1138 hoc
282 1078 368 1137 modo
392 1079 588 1139 coniectando
612 1079 668 1139 sihi
687 1080 819 1162 finxerat,
842 1099 899 1160 qua
919 1088 1004 1140 erant
1023 1080 1196 1140 scholiastae
1215 1079 1374 1158 ultimique

199 1178 380 1254 interpretes
410 1177 603 1256 confidentia,
631 1177 695 1236 aliis
723 1196 776 1256 pro
801 1197 873 1238 nero
901 1179 1055 1239 uenditare
1085 1196 1143 1237 non
1172 1176 1320 1237 dubitauit
1343 1185 1376 1237 et

200 1273 453 1334 commentariolis
478 1277 540 1334 suis
564 1275 724 1355 mandauit,
749 1274 827 1334 unde
850 1277 881 1334 in
905 1274 1085 1335 scholiorum
1108 1282 1279 1334 nostrorum
1302 1292 1375 1334 con·

202 1375 315 1451 geriem
337 1381 544 1434 manauerunt.

287 1470 333 1531 Vl.
372 1470 467 1540 Quem
496 1470 531 1530 ad
561 1472 649 1531 finem
674 1489 752 1531 nunc
777 1469 931 1547 cogitando
955 1468 1145 1529 deliberando
1167 1468 1375 1530 concludendo

199 1569 318 1628 adducti
342 1586 459 1649 sumus,
484 1575 517 1627 ut
541 1568 716 1628 scholiastae
741 1584 861 1627 uersum
886 1569 1021 1644 spurium
1046 1585 1111 1628 esse
1135 1574 1312 1648 statuamus,
1337 1568 1374 1627 ad

199 1666 325 1726 eundem
356 1667 444 1725 etiam
472 1674 672 1744 peruenturus
701 1685 732 1724 se
761 1683 825 1724 esse
855 1665 977 1725 luerunt
1001 1668 1051 1743 qui
1075 1667 1291 1738 existimarent,
1321 1665 1374 1724 nbi

199 1766 362 1824 orationem
387 1765 556 1824 accuratius
580 1766 809 1842 examinassent3
834 1762 885 1821 sed
910 1780 1013 1822 eornm
1037 1771 1210 1841 argumenta
1234 1763 1374 1823 sulficere

200 1861 272 1921 mihi
296 1879 355 1920 non
380 1862 529 1922 uidentur.
575 1861 635 1920 lam
659 1861 691 1921 B.
714 1855 938 1942 Thierschins1)
966 1869 1089 1939 propter
1117 1859 1189 1920 tales
1213 1877 1318 1920 causas
1343 1863 1374 1919 in

199 1957 373 2018 scholiastae
402 1976 492 2018 uersu
517 1959 647 2040 ollendit,
672 1977 739 2019 cum
763 1953 911 2038 ‘uersum
935 1959 999 2017 siue
1018 1966 1146 2017 metrum
1166 1959 1229 2017 siue
1250 1975 1374 2017 sensum

200 2064 327 2136 spectes,
350 2073 385 2115 eo
411 2073 500 2134 quem
524 2073 603 2116 ntrnc
627 2063 726 2116 textus
746 2062 957 2135 repraesentet,
981 2054 1073 2114 multo
1093 2049 1280 2114 inferiorem’
1305 2072 1373 2114 esse

199 2153 290 2234 dicat3
320 2153 398 2230 quod
424 2162 522 2213 autem
546 2152 614 2212 inde
639 2152 721 2213 illum
745 2170 867 2212 uersum
890 2155 989 2231 potius
1013 2154 1107 2232 priori
1129 2151 1215 2212 Pluto
1239 2151 1374 2212 tribuen-

199 2251 270 2312 dum
303 2269 368 2311 esse
401 2250 564 2329 concludit,
597 2251 653 2310 hoc
685 2253 750 2311 lieri
782 2270 841 2311 non
874 2269 961 2330 posse
995 2251 1123 2311 uidimus
1152 2258 1181 2310 et
1210 2269 1245 2309 ex
1273 2251 1372 2310 animo

198 2348 362 2408 Fritzschio
390 2368 419 2427 p.
445 2345 507 2408 173
537 2351 684 2408 assentior
713 2367 764 2408 eos
792 2350 987 2427 uituperauti,
1017 2350 1069 2427 qui
1097 2343 1149 2407 ‘de
1176 2347 1372 2426 Aristophane

199 2454 258 2507 tam
286 2445 438 2506 humiliter
466 2448 608 2526 sentiant,
636 2455 669 2506 nt
697 2465 765 2506 eum
792 2448 823 2505 in
851 2445 1031 2506 renouandis
1055 2445 1215 2505 comoediis
1238 2445 1372 2524 singulos

199 2562 320 2624 uersus,
357 2543 464 2624 uerba,
500 2542 602 2604 literas
634 2544 847 2623 literarumque
880 2545 979 2621 apices
1011 2544 1097 2602 anxie
1131 2544 1269 2602 rimatum
1304 2560 1370 2602 csse

198 2649 317 2720 putent:
341 2640 398 2700 hoc
421 2643 496 2701 tanti
519 2648 623 2720 poetae
647 2659 773 2720 persona
797 2640 1034 2719 indignissimum
1059 2635 1147 2701 esse.'

290 2738 526 2799 Heldermannus
554 2757 627 2798 uero
657 2758 725 2799 cum
753 2739 823 2799 alias
848 2748 911 2798 tum
935 2733 1053 2798 easdem
1076 2737 1243 2798 Thierschii
1267 2757 1372 2799 causas

199 2845 334 2917 secutus,
363 2837 421 2895 nisi
449 2836 527 2915 quod
556 2838 586 2895 in
614 2845 709 2897 metro
737 2855 797 2896 non
826 2835 1034 2896 offendendum
1058 2854 1124 2896 esse
1152 2843 1268 2913 censet,
1298 2836 1371 2896 item

199 2942 287 3013 atque
302 2951 356 2993 nos
372 2933 545 2993 scholiastae
561 2952 681 2994 uersum
697 2952 752 3012 pro
772 2928 1050 3012 ‘interpolamento’
1070 2934 1254 3012 grammatici
1272 2932 1373 3013 hahet,

199 3032 272 3092 lalso
301 3038 400 3090 tamen
428 3029 635 3090 'lhierschinm
664 3049 782 3109 quoque
811 3049 932 3091 uersum
960 3031 1146 3091 damnauisse
1173 3039 1263 3090 ratus.
1311 3029 1371 3090 Sed

199 3148 236 3189 ne
269 3129 374 3206 longus
407 3129 475 3208 sim,
512 3130 606 3206 ipsius
640 3128 729 3188 uerba
763 3147 911 3207 apponere
943 3128 1047 3208 placet.
1103 3127 1239 3205 Disputat
1271 3133 1371 3187 autem

198 3247 227 3306 p.
251 3224 271 3287 3
295 3226 381 3286 haec:
410 3220 460 3284 ‘ln
487 3227 647 3304 postremis
670 3225 812 3285 uersiculi
835 3226 936 3286 uerbis
960 3228 1056 3286 uariat
1078 3225 1179 3285 lectio:
1208 3214 1252 3304 ἣν
1275 3222 1373 3305 ἔχεις,

199 3315 221 3404 ἥ
245 3315 275 3384 τ’
303 3322 378 3403 ἔχει.
422 3323 567 3383 Attractio
590 3307 630 3402 ἧς
653 3321 745 3403 ἔχεις,
770 3341 862 3402 quum
885 3325 1048 3401 praecessit
1071 3315 1206 3402 ταύτης,
1231 3324 1287 3381 etsi
1310 3340 1373 3382 non

200 3424 320 3483 omnino
345 3420 554 3499 uituperauda,
583 3432 680 3480 tamen
705 3422 735 3480 in
758 3421 813 3481 hac
837 3420 998 3480 uerborum
1022 3423 1162 3480 iunctura
1185 3419 1288 3479 durior
1312 3427 1376 3503 est;

201 3539 292 3600 quare
316 3518 543 3598 praeferendum
567 3506 611 3595 ἣν
635 3516 725 3596 ἔχεις.
772 3519 829 3578 Sed
853 3527 955 3579 utrum
978 3503 1067 3597 legas,
1090 3518 1230 3596 frigidum
1254 3527 1300 3578 est
1322 3518 1375 3578 ad-

200 3617 406 3696 ditamentum;
431 3626 534 3675 contra
557 3616 589 3674 in
610 3633 700 3674 uersu
720 3615 839 3694 uulgato
860 3605 1034 3694 ὀφθαλμία
1053 3634 1112 3674 non
1132 3623 1246 3674 tantum
1266 3612 1374 3695 ἰδίως,

200 3715 252 3775 sed
282 3722 408 3774 uenuste
436 3720 466 3772 et
490 3703 751 3792 ὑποκοριστικῶς
779 3731 833 3793 pro
862 3715 1003 3773 caecitate
1028 3715 1156 3791 positum
1186 3721 1244 3792 est3
1278 3729 1373 3790 qnare

200 3812 318 3873 difficile
343 3811 415 3872 mihi
438 3810 558 3870 uidetur
580 3811 705 3892 creditu,
729 3813 755 3870 si
772 3820 859 3890 poeta
878 3813 962 3888 prins
981 3800 1173 3888 ὀφθαλμίας
1193 3801 1389 3893 scripsisset,

200 3929 268 3971 eum
292 3918 394 3990 postea
417 3908 527 3968 hocin
551 3908 709 3968 lectionem
732 3910 921 3968 inuenustam
945 3915 975 3967 et
998 3907 1133 3985 frigidam
1158 3902 1308 3968 mutasse?

288 4007 317 4084 ὅ.
340 4004 387 4068 11.
424 4005 478 4066 His
506 4008 648 4085 expositis
675 4008 824 4066 neminem
851 4007 909 4063 iarn
938 4005 1111 4064 scholiastae
1140 4021 1247 4063 uersus
1271 4001 1375 4064 delen-

200 4106 313 4164 sionem
338 4102 507 4163 subiturum
531 4121 596 4162 esse
620 4102 723 4182 credo,
747 4111 777 4162 et
801 4104 939 4180 quoniam
962 4102 1042 4162 huno
1066 4101 1252 4161 scholiastam
1274 4099 1374 4160 hario-

199 4202 290 4262 latum
314 4219 379 4260 esse
404 4209 533 4280 apparet,
558 4199 629 4278 quid
653 4199 772 4260 tandem
796 4200 890 4259 dicam
914 4199 950 4259 de
975 4198 1096 4259 alterius
1120 4196 1374 4260 hallucinatione?

273 4408 298 4474 1)
317 4405 446 4476 Prolegg.
465 4404 494 4458 in
512 4404 655 4475 Aristoph.
675 4406 788 4460 Plutum
806 4423 834 4473 p.
854 4401 995 4461 CDLXVI.
