2956 5092
704 337 922 400 ..96-

227 501 295 577 qnia
311 518 377 558 cum
393 502 436 559 eis
452 502 605 559 coniunxit
618 499 716 558 locum
736 497 862 557 similem
881 517 917 558 ex
932 498 1133 578 Etymologioo
1148 499 1252 577 Magno
1271 500 1402 576 petitum

226 599 276 674 qui
292 605 337 656 est
355 593 426 676 198,
444 593 501 657 57:
525 590 619 675 βλάξ·
640 589 658 657 ὁ
679 588 805 674 εὐήθης
823 590 879 655 καλ
893 586 995 677 ἀργὸς
1013 591 1067 657 καὶ
1084 588 1238 675 ἀνόητος·
1254 587 1402 673 Ἀριστο-

226 685 336 772 φάνης
354 687 474 769 βλακες
492 692 642 772 φνγεροί.
683 691 714 751 ln
740 701 847 774 autem,
871 695 959 776 quod,
982 698 1154 774 priusquam
1179 695 1259 755 hunc
1278 693 1401 774 Etymo·

225 790 313 869 logici
331 788 429 867 Magni
448 790 545 850 locum
561 810 629 851 cum
644 791 858 850 Antiatticistae
876 791 975 852 uerbis
989 796 1193 873 coniungeret,
1211 791 1401 871 probandum

226 895 304 968 erat,
332 889 488 965 utriusque
517 890 673 966 scriptoris
702 886 793 947 uerba
822 888 857 947 ad
886 889 1013 949 eundem
1040 891 1245 969 Aristophanis
1274 908 1402 950 uersum

225 986 381 1045 reserenda
412 1004 490 1067 esse,
520 985 651 1045 Kockiu's
679 987 780 1043 nescio
804 1004 860 1063 qua
888 987 924 1046 de
948 1006 1036 1047 causa
1059 1006 1118 1047 non
1142 987 1289 1065 probauit.
1336 987 1402 1047 Hoc

226 1091 325 1142 autem
344 1101 379 1141 eo
398 1085 490 1160 magis
510 1082 694 1160 probandum
715 1085 743 1142 ei
761 1083 826 1164 luit,
846 1085 923 1162 qnod
943 1087 1007 1163 ipse
1027 1084 1158 1145 llockius
1177 1103 1264 1162 quam
1283 1084 1403 1144 lubrica

227 1179 294 1240 talis
318 1180 592 1256 coniungendorum
614 1183 661 1240 nia
681 1181 913 1258 lragmentorum
934 1189 1022 1263 osset7
1044 1182 1121 1241 haud
1142 1184 1304 1261 ignoraret3
1330 1199 1402 1241 con-

227 1279 337 1337 iunctis
356 1280 434 1336 enim
455 1277 571 1336 (luolrns
590 1277 662 1336 locis
681 1277 808 1337 Pollucis
835 1276 884 1359 10,
908 1276 964 1338 63:
987 1270 1151 1358 ἀρύταινα
1172 1323 1180 1339 .
1199 1328 1205 1340 .
1225 1326 1231 1338 .
1253 1269 1403 1359 Ἀριστο-

228 1368 358 1453 (puerove
377 1367 544 1446 εἰπόντος·
567 1366 733 1452 βαλανεὺς
752 1366 783 1433 δ’
806 1365 892 1436 ὠθεῖ
908 1385 980 1448 ταῖς
999 1367 1191 1457 ἀρνταίναις
1210 1385 1239 1435 et
1258 1376 1403 1436 Moeridis

228 1469 300 1552 192,
326 1469 384 1532 13:
408 1462 573 1549 βαλανεὺς
596 1463 684 1549 παρὰ
708 1466 866 1533 Πλάτωνι
885 1467 940 1533 καὶ
962 1465 1192 1554 Ἀριστοφάνει
1213 1474 1404 1552 Πελαργοῖς

224 1571 288 1646 ipse
317 1567 462 1649 llockius7
490 1571 595 1646 pagina
624 1569 810 1628 antecedenti
838 1572 873 1631 λι.
897 1569 977 1653 435,
1005 1575 1165 1633 concessit:
1199 1567 1402 1649 ‘nequaquam

225 1675 324 1724 tamen
354 1676 469 1725 certum
498 1685 562 1726 esso
592 1666 626 1725 ad
652 1666 791 1743 Pelargos
815 1677 909 1727 totum
934 1688 1055 1728 uersum
1080 1663 1251 1748 pertinere.'
1298 1667 1402 1728 Donec

224 1765 316 1840 igitur
335 1764 550 1824 Antiatticistac
575 1773 604 1822 et
624 1763 819 1842 lltyrnologici
842 1766 938 1845 Magni
963 1767 1056 1826 uerba
1080 1767 1114 1825 ao
1139 1769 1266 1827 eundem
1285 1768 1402 1826 Aristo-

224 1861 328 1938 phanis
352 1880 475 1921 uersum
499 1864 649 1939 pertinere
674 1880 732 1920 non
757 1863 912 1940 probatum
937 1866 1002 1944 erit,
1026 1873 1085 1924 tam
1108 1864 1159 1923 diu
1182 1864 1255 1923 mihi
1278 1882 1401 1942 quoque

226 1959 281 2017 hoc
311 1960 476 2036 fragmento
506 1960 578 2018 nihil
601 1960 636 2018 (le
666 1959 781 2019 duabus
806 1959 900 2020 Plutis
924 1963 1011 2020 etiarn
1042 1970 1109 2039 post
1132 1961 1401 2023 Alexandrinorum

224 2065 350 2114 aetatem
376 2056 586 2134 superstitibus
610 2057 758 2135 prolatum
782 2075 846 2116 osse
871 2057 1008 2117 arbitrari
1031 2057 1139 2118 licebit.

318 2153 345 2228 ἓ.
373 2151 421 2213 13.
459 2153 599 2213 Venimus
624 2173 702 2213 nunc
727 2155 762 2212 ad
786 2154 983 2231 fragmentum
1006 2151 1081 2214 444.
1122 2154 1242 2233 Triplex
1265 2164 1312 2216 est
1334 2159 1402 2217 eins

224 2256 373 2312 memoria.
420 2252 552 2311 Primum
580 2255 609 2311 in
638 2251 767 2311 Bekkcri
794 2252 953 2311 Anecnous
981 2271 996 2309 a
1021 2250 1227 2311 Choerobosco
1256 2271 1283 2331 p.
1309 2252 1402 2315 1380

223 2353 262 2410 ita
293 2352 447 2409 traditum:
477 2351 594 2428 ἔχομεν
622 2342 695 2428 τὴν
712 2347 831 2429 χρῆσιν
859 2346 919 2408 τοῦ
948 2334 1003 2426 ‘alr
1032 2340 1106 2426 tyoi’
1134 2341 1223 2427 παρὰ
1252 2343 1403 2426 Ἀριστο-

224 2439 323 2526 φαίνει
353 2443 388 2506 ἐν
412 2443 555 2530 Πλούτῳ
581 2495 587 2505 .
611 2493 618 2506 .
642 2492 649 2506 .
672 2441 727 2506 καλ
755 2440 844 2522 παρὰ
874 2440 1066 2528 Μενάνδρῳ
1096 2443 1131 2505 ἐν
1160 2443 1205 2530 τῷ
1238 2445 1400 2531 Γεωργῳ·

223 2530 266 2623 ἦν
295 2535 327 2603 δ’
354 2536 395 2602 οὐ
423 2546 569 2622 πονηρὸς
599 2534 669 2603 οὐδ’
695 2537 847 2604 ἐδόκουν.
888 2543 967 2602 Haec
995 2544 1092 2602 omnia
1121 2542 1196 2601 hene
1221 2563 1252 2602 se
1275 2543 1400 2604 habent.

225 2640 268 2699 Ex
293 2641 426 2719 exemplo
451 2644 530 2701 enim
552 2641 731 2701 Menandreo
756 2642 878 2701 sormam
903 2641 990 2718 illam,
1016 2659 1090 2717 qliae
1115 2649 1160 2700 est
1183 2626 1237 2718 ἦν,
1261 2661 1276 2701 a
1301 2643 1421 2703 uerbo'

224 2738 411 2798 snbstantiuo
440 2739 603 2798 deriuatanr
636 2758 701 2798 esse
735 2741 845 2820 eluce13
879 2739 950 2798 nihil
982 2740 1073 2815 igitur
1106 2739 1183 2797 aliud
1217 2739 1402 2817 relinquitur

227 2837 286 2893 nisi
311 2846 342 2894 ut
365 2837 441 2912 apud
466 2836 691 2914 Aristophanem
716 2856 834 2914 qnoque
858 2836 933 2894 lranc
958 2837 1080 2894 l'ornram
1106 2835 1191 2894 uerbi
1214 2835 1400 2897 substantiui

225 2950 289 2990 esse
318 2934 465 3009 putemus.
516 2932 595 2991 llaec
624 2944 722 2993 antem
753 2936 845 2993 lorma
876 2935 905 2990 in
937 2931 1024 2990 Pluto
1053 2930 1266 3008 Aristophaneo
1299 2943 1402 2994 exstat

225 3048 322 3106 neque
347 3029 438 3088 semel
461 3027 567 3110 solum,
590 3031 641 3089 sed
668 3042 712 3090 ter
736 3033 896 3090 inuenitur.
944 3028 1020 3087 Sunt
1044 3046 1151 3088 uersus

357 3168 413 3230 29:
437 3163 500 3248 ἐγώ
535 3166 697 3250 θεοσεβὴς
734 3166 788 3231 καὶ
822 3169 949 3242 δίκαιος
981 3159 1029 3229 (δν
1064 3161 1150 3247 ἀνὴρ

436 3265 543 3340 κακῶς
566 3267 727 3343 ἔπραττον
745 3263 800 3329 καὶ
823 3264 925 3345 πένης
942 3251 994 3345 ἦν.
1013 3299 1057 3309 -
1081 3258 1157 3326 ολδολ
1181 3285 1241 3326 τοι.

335 3363 413 3426 659:
436 3357 535 3424 ἔπειτ’
563 3358 674 3444 ἐπειδὴ
699 3357 816 3444 μεστὸς
839 3350 892 3444 ἦν,
912 3356 1156 3442 ἀνεπαλλόμην.

336 3461 414 3524 822:
438 3457 494 3541 ἐμὲ
519 3455 549 3521 δ’
576 3457 753 3542 ἐξέπεμψεν
778 3454 795 3522 ὁ
819 3455 956 3533 καπνός·
986 3453 1047 3541 οὐχ
1076 3449 1146 3533 οἷός
1168 3479 1203 3520 τε
1226 3453 1290 3540 γὰρ

437 3557 537 3620 ἔνδον
560 3555 673 3639 μένειν
695 3546 748 3638 ἦν.

312 3704 409 3780 Atque
443 3702 513 3762 huic
546 3701 744 3762 Choerobosci
780 3702 941 3762 uerborum
971 3703 1211 3779 interpretationi
1244 3706 1401 3763 succurrit

224 3804 311 3861 etiarn
331 3798 411 3860 aliud
431 3802 633 3860 testimonium
653 3819 689 3859 ex
708 3799 909 3878 Etymologico
924 3797 1030 3875 Magno
1050 3797 1233 3879 decerptum,
1252 3797 1304 3857 ubi
1323 3801 1400 3860 item

224 3900 317 3958 forma
341 3883 384 3977 ἦν
408 3917 424 3957 a
447 3897 540 3957 uerbo
569 3897 766 3979 substantiuo,
790 3916 848 3956 non
872 3895 908 3955 ab
935 3885 998 3974 ἠμί
1018 3893 1180 3954 deriuanda
1205 3903 1259 3954 est.
1296 3893 1399 3956 Locus

224 3982 677 4076 esrhtet31,11sqq.:r}v:
701 3985 765 4055 ἀπὸ
789 3991 850 4054 τοῦ
875 3992 928 4070 ἔω,
952 3991 1030 4068 ἕεις,
1050 3989 1108 4050 ἔει·
1132 3982 1149 4050 δ
1174 3987 1399 4072 παρατατικὸς

222 4079 297 4171 rior,
320 4077 386 4170 ἦες,
405 4077 478 4170 ἦεν·
502 4085 557 4150 καὶ
575 4096 681 4174 τροπῇ
700 4089 761 4151 τοῦ
784 4098 804 4171 ῆ
826 4085 881 4151 καλ
899 4094 924 4168 ὲ,
949 4079 1100 4168 ἢιιριλσει
1119 4086 1165 4162 εἰς
1184 4085 1290 4151 ἐκεῖνο
1311 4083 1396 4153 αὐτὸ

224 4181 260 4250 τὸ
275 4199 308 4269 ἡ,
327 4188 453 4268 γίνεται
471 4173 526 4269 ἦν·
551 4181 663 4267 ἐπειδὴ
683 4181 720 4249 τὸ
740 4189 850 4268 μεῖζον
871 4182 909 4249 τὸ
929 4185 1065 4247 ἔλαττον
1085 4176 1263 4262 ἀναλίσκει,
1282 4179 1397 4266 ὥσπερ

222 4284 261 4368 τῇ
286 4282 358 4368 ἐμῇ,
381 4277 467 4367 τήμῇ
491 4335 498 4348 .
523 4335 529 4346 .
554 4279 620 4348 ,τὸ
644 4279 705 4365 μὲν
729 4273 785 4366 ’ἦν
813 4279 888 4365 lyoi’
917 4277 1020 4365 παρὰ
1046 4275 1323 4365 Ἀριστοφάνει
1353 4283 1398 4348 ἐν

226 4377 405 4470 Πλούτῳ,
429 4374 569 4463 ’γίνεται
603 4375 717 4457 οὕτως.
762 4377 877 4445 Ἔστιν
915 4381 994 4463 εἰμί’
1027 4372 1044 4442 ὁ
1078 4376 1298 4464 παρατατικὸς
1331 4376 1396 4466 εἶν,
