2956 5092
683 312 902 374 „94-

209 476 295 552 sequi
318 476 461 551 optimum
491 472 617 533 uidetur.
663 470 735 531 Nam
760 476 897 550 quoniam
926 494 1060 554 uersum,
1088 477 1140 552 qui
1168 494 1246 535 nunc
1270 475 1381 554 legitur

208 573 238 629 in
267 570 432 650 codicibus,
460 578 634 648 corruptum
664 587 729 628 esse
758 574 829 630 satis
858 581 987 652 constat,
1015 573 1098 632 facile
1123 575 1248 650 cogitari
1269 582 1379 655 potest,
1455 590 1458 594 ’

199 667 432 727 -scboliastarum
461 667 646 745 temporibus
674 674 831 745 utramque
859 669 1029 747 lectionem,
1063 678 1093 730 ot
1120 669 1226 729 bonam
1255 680 1285 730 et
1311 687 1378 730 cor-

207 773 333 845 ruptam,
357 784 415 825 una
435 767 464 825 in
485 764 639 824 codicibus
658 767 815 846 exstitisse,
839 768 869 826 in
889 767 936 826 bis
955 767 1085 848 alteram,
1109 766 1231 827 alteram
1250 770 1280 827 in
1299 767 1379 848 aliis;

208 865 374 940 posteriore
412 863 518 923 deinde
556 870 650 922 aetate
688 861 826 922 meliores
863 864 981 924 codices
1019 865 1224 946 intercidisse,
1259 867 1380 944 peiores

207 964 364 1040 mansisse,
397 962 475 1021 uude
509 964 596 1021 etiam
628 964 724 1021 nostri
752 963 869 1023 codices
901 962 1062 1042 pendeaot;
1093 973 1245 1022 auctorem
1278 971 1380 1024 autem

208 1057 297 1118 huius
322 1057 434 1140 scholii,
458 1062 509 1136 qui
532 1069 689 1138 utramque
712 1059 869 1119 lectionem
893 1062 1020 1139 nouerit,
1043 1059 1190 1138 quomodo
1211 1062 1379 1139 scripturae

208 1156 405 1234 discrepantia
429 1159 567 1235 suaserit,
587 1175 646 1216 non
665 1160 862 1236 perspexisse,
884 1160 984 1234 itaque
1004 1157 1178 1216 coniciendo
1197 1159 1268 1217 item
1287 1167 1379 1236 atque

207 1271 282 1330 quos
310 1262 464 1313 enumerat
491 1253 726 1314 lleldermannus
754 1274 782 1333 p.
806 1251 938 1335 9-15,
966 1255 1088 1315 alteram
1117 1257 1223 1336 priori,
1253 1255 1379 1316 alteram

206 1353 368 1427 posteriori
390 1350 476 1411 Pluto
500 1352 656 1427 tribuisse,
680 1361 713 1411 ut
737 1340 839 1411 saltem
864 1350 1000 1433 baberet,
1023 1353 1102 1431 quod
1126 1353 1247 1412 diceret.

701 1636 817 1720 Capul
835 1639 884 1697 lV.

320 1774 378 1838 De
401 1774 657 1854 fragmentis
681 1775 792 1854 apud
818 1775 1042 1854 scriptores
1067 1774 1255 1839 seruatis

296 1920 399 1979 Adhuc
423 1923 513 1998 igitur
537 1919 650 1978 nullum
674 1919 771 1979 locum
795 1922 966 1979 inuenimus
989 1919 1090 1999 talem,
1114 1938 1173 1997 quo
1197 1922 1378 1979 sententiam

210 2025 342 2076 nostram
365 2020 498 2095 proxima
522 2027 605 2095 parte
629 2016 812 2095 explanatam
832 2026 945 2076 mutare
965 2035 1154 2096 cogeremur,
1178 2036 1257 2077 rrunc
1276 2017 1379 2076 uidea-

207 2134 285 2193 mus,
314 2134 384 2174 num
413 2115 585 2193 fragmentis
616 2117 672 2192 eiS,
704 2133 778 2191 quae
808 2123 924 2174 seruata
952 2123 1068 2174 exstant
1092 2117 1122 2173 in
1145 2114 1273 2174 Pollucis
1297 2113 1378 2174 Ono-

205 2215 341 2291 mastico,
378 2212 486 2272 Suidae
518 2213 626 2291 lexico,
663 2211 863 2289 lltymologico
896 2211 1015 2291 Magno,
1050 2211 1175 2271 uolneri
1214 2211 1377 2272 Auecdotis

207 2307 336 2387 Graccis,
360 2310 466 2369 adduci
489 2311 646 2387 possimne,
670 2317 704 2366 ut
727 2327 842 2368 errasse
867 2327 921 2367 uos
941 2310 1139 2368 confiteamur
1157 2317 1188 2368 et
1206 2309 1378 2369 Alexandri·

205 2424 311 2465 norum
331 2407 515 2485 temporibus
534 2408 607 2466 diras
620 2404 722 2464 Plutos
741 2409 890 2466 exstitisse
912 2406 998 2465 nobis
1012 2406 1252 2485 persuadeamus
1289 2406 1377 2477 Quod

205 2512 239 2563 ut
261 2508 492 2585 perspiceretur,
516 2507 574 2564 nisi
597 2503 728 2564 llockius
751 2507 860 2564 iterum
883 2522 916 2562 ac
941 2502 1126 2583 blaydesiuS,
1150 2505 1378 2565 recentissimus

205 2600 438 2679 fragmentorum
471 2604 580 2684 editor,
613 2604 710 2662 omnia
738 2601 816 2662 Pluti
849 2619 967 2678 quoque
1001 2619 1076 2677 quae
1110 2610 1172 2660 tum
1202 2599 1378 2661 ferebantur

205 2699 330 2758 frustula
358 2709 507 2778 tamquam
536 2703 663 2778 genuina
692 2706 930 2776 enumerassent,
963 2697 1138 2756 breuissima
1172 2698 1297 2756 fortasse
1324 2715 1377 2756 ex-

204 2793 370 2872 planatione
389 2817 464 2876 opus
483 2807 571 2878 esset,
590 2816 647 2875 qua
666 2798 739 2857 baec
758 2798 921 2873 fragmenta
940 2797 997 2854 iam
1017 2795 1129 2854 dudum
1148 2813 1164 2853 a
1184 2797 1257 2854 uiris
1277 2795 1377 2856 doctis

204 2896 243 2952 ita
267 2896 298 2952 in
322 2896 520 2972 suspicionem
544 2902 649 2952 uocata
673 2912 738 2952 esse
763 2900 972 2971 exponeretur,
996 2899 1152 2951 uteorum
1176 2911 1261 2971 unuS,
1285 2891 1316 2952 C.
1341 2893 1376 2955 F.

204 2989 391 3048 Hermannus
420 2992 450 3048 in
479 2989 554 3048 libro
582 2988 699 3049 laudato
728 3007 845 3047 omnem
873 2989 935 3047 lere
964 2988 1021 3047 illis
1050 2991 1222 3067 fragmentis
1246 2993 1376 3051 auctori·

204 3095 293 3146 tatem
322 3087 469 3165 fidemque
498 3087 653 3166 abrogaret
680 3087 726 3145 his
755 3087 818 3145 lere
846 3085 960 3146 uerbis:
990 3089 1015 3145 si
1043 3097 1160 3164 praeter
1185 3106 1277 3147 unum
1300 3086 1376 3147 illud

204 3174 401 3262 fragmentum
430 3204 446 3244 e
475 3185 565 3244 schol.
589 3185 660 3244 Ran.
687 3179 773 3242 1125
796 3184 985 3261 desumptum
1009 3183 1063 3242 alia
1087 3202 1205 3261 quoque
1229 3182 1377 3243 uocabula

203 3280 289 3340 Pluto
309 3281 423 3341 fabulae
443 3283 616 3361 simpliciter
636 3281 886 3361 adscriberentur,
906 3300 1009 3340 eorum
1030 3297 1089 3339 non
1105 3280 1200 3340 solum
1216 3298 1376 3346 numerum

202 3378 295 3438 multo
324 3381 468 3439 minorem
499 3399 564 3440 esse
594 3397 682 3457 quam
709 3386 742 3436 ut
766 3380 840 3438 certi
864 3378 1024 3456 quidquam
1048 3395 1084 3435 ex
1108 3380 1151 3436 eis
1175 3379 1376 3459 coniceretur,

203 3475 255 3534 sed
280 3479 366 3535 etiam
391 3480 596 3536 auctoritatem
621 3484 775 3553 tantopere
799 3475 950 3554 uacillare,
980 3484 1013 3534 ut
1041 3493 1099 3533 non
1116 3472 1259 3552 pluribus
1284 3492 1376 3552 quam

203 3572 320 3632 duobus
334 3574 382 3632 uel
402 3573 498 3633 tribus
513 3573 610 3651 aliqua
626 3573 700 3632 fides
718 3572 822 3632 baberi
840 3566 974 3652 possit.¹)
1011 3570 1075 3630 Tali
1093 3574 1184 3649 igitur
1203 3573 1375 3650 suspicione

203 3673 290 3730 nixus
323 3671 459 3731 facillime
490 3673 557 3749 quis
590 3670 761 3730 labefactam
799 3672 856 3729 iam
894 3670 1127 3748 fragmentorum
1165 3671 1375 3730 auctoritatem

275 3905 299 3973 1)
324 3905 396 3958 ‘und
421 3921 501 3958 wenn
525 3904 584 3958 sich
607 3902 679 3958 auch
703 3902 776 3957 noch
800 3901 901 3954 andere
920 3901 1032 3954 Wbrter
1054 3899 1104 3953 hin
1127 3900 1184 3954 und
1201 3901 1305 3954 wieder
1324 3919 1376 3958 aus

201 3983 264 4036 dem
283 3983 380 4036 Plutos
400 3982 577 4036 schlechbhin
596 3984 689 4036 citiert
707 3982 811 4047 finden,
837 3980 882 4032 die
906 3980 936 4031 in
959 3979 1023 4032 dem
1045 3980 1193 4050 unserigen
1212 3980 1291 4034 nicht
1307 3999 1375 4036 vor·

201 4064 342 4128 hommem
362 4080 391 4116 so
411 4063 475 4127 sind
494 4063 578 4116 deren
597 4062 669 4117 doch
689 4062 768 4116 nieht
786 4058 871 4114 allein
890 4057 947 4112 viel
966 4079 999 4112 zu
1017 4059 1132 4129 wenige,
1150 4077 1198 4112 um
1212 4059 1312 4128 irgend
1327 4062 1376 4115 ein

201 4140 295 4196 lxlores
312 4141 374 4195 Bild
392 4160 426 4195 zu
444 4141 601 4210 gewbhren,
621 4141 739 4196 sondern
758 4140 875 4194 manche
895 4140 1027 4192 derunber
1045 4145 1148 4207 mbgen
1168 4137 1240 4193 auch
1258 4139 1308 4192 auf
1324 4141 1375 4194 eb-

201 4221 381 4276 weiohenden
394 4219 534 4288 Losorion,
554 4221 671 4277 manche
690 4221 741 4275 auf
755 4235 921 4288 ungenauen
939 4219 1076 4286 Angeben
1094 4219 1143 4273 der
1162 4220 1239 4273 alten
1258 4218 1374 4288 Zeugen

200 4299 333 4369 bernhan,
353 4319 383 4355 so
403 4301 467 4354 dass
486 4299 636 4355 hdchslens
655 4299 723 4354 zuei
741 4301 808 4353 oder
826 4300 886 4353 drei
904 4298 1051 4353 desselben
1069 4299 1122 4352 mit
1140 4298 1247 4367 einiger
1262 4298 1375 4355 Sicher-

200 4377 260 4432 heit
277 4379 319 4432 als
337 4379 569 4434 unterscheidend
588 4381 632 4433 fiir
651 4381 704 4435 den
723 4384 815 4434 ersten
834 4379 931 4433 Plutos
950 4380 1045 4447 gelten
1063 4379 1189 4446 mdgen.’
