2956 5092
574 366 788 429 ..97-

91 525 199 610 τροπῇ
218 525 276 608 τῆς
293 528 331 609 pe
350 527 397 603 εἰς
410 528 448 608 ν,
466 519 576 608 ὥσπερ
596 517 660 588 άπὸ
678 525 739 589 τοῦ
759 525 880 607 δίδωμι
899 524 1036 590 intumo·
1054 524 1109 591 καλ
1125 525 1262 593 ἐκτείνε-

91 644 148 685 ται
170 617 207 686 τὸ
232 630 247 687 ἓ
272 625 319 699 εἰς
341 627 361 707 η
383 617 545 704 Ἀττικῶς,
569 615 613 698 ὡς
635 626 702 686 κτλ.

184 719 232 783 ‘dt
260 744 295 784 ex
325 725 432 785 Suidae
457 724 522 784 loco
551 724 673 784 formam
702 741 777 801 quae
806 732 852 783 est
875 709 926 807 ἦν,
955 744 1014 786 non
1038 745 1053 785 a
1077 727 1170 787 uerbo
1195 726 1264 786 suh·

93 824 238 903 stantiuo,
267 823 319 882 sed
347 823 383 882 ab
412 814 473 902 ἠμί
502 822 694 881 deriuandam
723 839 788 881 esse
816 819 958 901 apparet?
1005 825 1062 885 Sed
1090 829 1264 904 priusquam

92 918 202 978 talibus
226 920 327 980 uerbis
351 919 510 980 Kociriauis
535 919 621 978 fidem
645 917 814 1000 habeamus,
837 921 901 998 ipsa
926 921 1033 983 Suidae
1056 923 1147 984 uerba
1168 922 1264 1001 qualia

92 1018 167 1098 sint,
198 1017 361 1078 uideamus.
412 1016 513 1077 Lectio
546 1015 665 1106 uulgata
693 1033 801 1096 eaque,
834 1034 922 1094 quam
955 1024 1043 1080 etiam
1071 1019 1201 1079 Kockius
1234 1023 1264 1078 in

93 1111 230 1172 lemmate
267 1117 403 1197 retinuit,
436 1115 508 1174 haec
538 1121 595 1173 est:
628 1107 671 1191 ἠν
699 1103 730 1170 δ’
767 1106 845 1190 ἐγώε
877 1113 964 1195 ἔφην
998 1110 1034 1177 δὲ
1067 1108 1144 1195 ἐγώ·
1176 1109 1265 1197 παρὰ

93 1203 301 1296 Πλουτάρχῳ
332 1207 387 1272 καλ
413 1201 652 1293 Ἀριστοφάνει.
703 1209 777 1270 Cum
807 1221 905 1271 autem
936 1213 1028 1273 codex
1056 1213 1079 1270 V
1108 1207 1267 1274 Πλούτου

92 1306 233 1387 praebeat
253 1319 283 1369 et
302 1310 394 1369 codex
414 1308 507 1371 Oxou.
527 1307 604 1386 apud
623 1306 789 1367 uohraeum
804 1307 935 1370 Addend.
955 1313 1042 1371 Arist.
1063 1309 1104 1371 97
1122 1301 1267 1392 Ἀριστο-

95 1397 208 1482 φάνης
230 1403 363 1490 πλούτφ
389 1409 533 1486 scripturn
558 1403 703 1488 exhibeat,
725 1404 856 1465 Kockius
879 1407 1037 1468 lectionem
1057 1408 1206 1487 uulgatum
1230 1410 1266 1469 ad

95 1504 208 1562 codicis
228 1503 404 1564 Oxoniensis
428 1504 586 1563 lectionem
610 1501 886 1562 accommodandam
910 1522 976 1564 esse
1000 1515 1110 1566 censet.

186 1600 244 1660 Sed
268 1603 404 1662 audiatur
428 1611 457 1661 et
481 1600 571 1660 altera
594 1595 677 1676 pars!
707 1595 916 1678 Bernhardyus
935 1603 1022 1684 enim,
1047 1601 1155 1661 Suidae
1179 1603 1266 1663 lexiei

95 1699 287 1759 doctissimus
311 1701 415 1782 editor,
443 1702 474 1759 in
498 1697 687 1757 adnotatione
718 1694 754 1753 ad
778 1713 846 1755 eum
871 1715 958 1775 quem
982 1705 1143 1759 tractamus
1166 1700 1264 1760 locum

91 1806 162 1874 post
195 1796 392 1858 Fritzschium
426 1806 539 1876 quaest.
571 1797 620 1853 dr.
651 1813 679 1871 p.
702 1790 768 1854 264
796 1812 858 1872 sqq.
892 1796 1113 1856 euidentissime
1146 1817 1265 1859 omnem

92 1893 297 1954 difficultatem
317 1897 437 1975 amouit,
459 1898 498 1955 ita
518 1904 551 1954 ut
570 1909 677 1971 operae
695 1893 826 1968 pretium
846 1911 911 1952 esse
931 1896 1106 1977 existimem,
1126 1898 1151 1955 si
1170 1898 1264 1975 ipsius

93 1990 189 2050 uerba
212 1991 270 2051 huc
294 1993 490 2069 adscripsero.
537 1989 613 2049 Sunt
636 1988 722 2048 haec:
756 1983 986 2074 Ἥλοοτάρχφε
1015 1986 1174 2054 Πλάτωνι
1200 2013 1264 2053 cor·

91 2088 251 2165 rigendum
279 2099 380 2148 monet
403 2085 599 2148 Ruhnkenius
623 2085 700 2165 apud
723 2085 929 2165 Wytteubach.
954 2089 1086 2168 Prolegg.
1115 2090 1263 2152 Plutarch.

89 2205 120 2264 p.
149 2184 432 2245 xxxvl1=uxlt
490 2184 611 2244 Suidam
647 2193 801 2262 praeterea
834 2203 886 2245 sua
924 2188 1057 2247 hausisse
1096 2208 1132 2248 ex
1166 2189 1262 2250 Schol.

89 2283 242 2362 Aristoph.
266 2303 311 2362 eq.
331 2282 393 2344 631
416 2277 518 2366 (634).
560 2281 598 2341 Et
621 2273 779 2341 Πλάτωνι
799 2301 870 2342 saue
889 2283 977 2344 habet
996 2281 1164 2369 Zonaras.¹)
1205 2287 1263 2346 Pro

85 2371 321 2462 Ἀριστοφάνει
335 2381 359 2439 Ε
374 2380 497 2460 praebet
511 2371 679 2440 Πλάτωνι.
712 2378 800 2439 Gaisf.
819 2375 977 2442 Πλούτου
987 2380 1018 2441 V.
1040 2381 1149 2442 Verum
1164 2379 1262 2463 ‘eppe

92 2471 133 2539 δὲ
152 2472 225 2557 ἐγώ.
242 2471 483 2559 Ἀριστοφάνης
501 2469 645 2563 πλούτφ’
665 2475 717 2536 Ox.
737 2495 781 2555 ap.
804 2476 892 2536 Dobr.
911 2477 1043 2538 dddend.
1062 2482 1093 2539 in
1113 2481 1262 2559 Aristoph.

90 2594 122 2655 p.
142 2572 194 2656 97,
219 2580 270 2655 qui
293 2577 363 2636 huic
383 2576 526 2637 formulae
546 2577 664 2652 negauit
684 2573 775 2634 ullum
794 2575 826 2632 in
844 2573 930 2634 Pluto
950 2584 1051 2636 nostra
1071 2577 1167 2637 locum
1187 2596 1262 2638 esse.

90 2672 186 2732 Recte
211 2676 345 2756 quidem,
368 2693 423 2734 nec
448 2674 531 2733 facile
556 2671 719 2732 credideris
738 2673 896 2754 exstitisse,
921 2676 972 2751 qui
992 2676 1164 2734 memoriam
1174 2675 1263 2737 mou

90 2789 108 2829 a
131 2770 238 2832 Suidae
263 2774 376 2833 scilicet
395 2782 516 2851 stupore
536 2778 694 2851 repeteret,
712 2769 875 2848 profectam
894 2769 972 2830 illam
992 2770 1028 2830 ab
1047 2789 1075 2831 u.
1095 2769 1137 2832 29
1156 2771 1263 2847 κακῶς

89 2867 254 2947 ἔπραττον
277 2865 332 2931 καὶ
351 2865 452 2949 πένης
469 2855 521 2949 ἦν.
563 2868 665 2947 ltaque
689 2867 842 2926 commode
862 2868 976 2950 accidit,
1001 2878 1034 2929 ut
1052 2873 1261 2947 grammaticus

88 2968 123 3025 in
147 2966 242 3030 Cram.
261 2968 371 3028 dnecd.
390 2966 426 3026 lV
445 2987 473 3047 p.
492 2965 555 3028 417
580 2966 616 3026 de
637 2967 729 3025 forma
748 2950 769 3045 ἦ
793 2965 944 3025 disserens
963 2968 1041 3026 uiam
1061 2972 1261 3048 corruptionis

89 3073 289 3127 monstraret:
317 3056 361 3139 ὡς
391 3057 478 3146 παρὰ
504 3055 747 3144 Ἀριστοφάνει,
774 3065 880 3145 inquit,
908 3058 945 3123 ἐν
959 3054 1125 3144 Ὄρνισιν·
1152 3051 1174 3146 ἦ
1197 3060 1260 3149 γὰρ

90 3151 156 3238 ἐγὼ
181 3156 274 3234 ξένος
297 3155 490 3243 ἅνθρωπος·
518 3153 592 3221 ἀντὶ
615 3158 676 3222 τοῦ
700 3151 864 3239 ὑπῆρχον·
887 3155 942 3220 καὶ
965 3153 1054 3242 παρά
1082 3157 1261 3226 Πλούτωνι

89 3248 257 3338 ἡχρῆσις.
298 3260 400 3338 ltaque
424 3259 627 3337 retingendum
650 3251 740 3338 παρά
759 3251 917 3319 Πλάτωνι
941 3251 994 3318 καὶ
1016 3251 1261 3340 Ἀριστοφάνειε

90 3359 151 3415 nisi
175 3359 251 3418 forte
274 3369 414 3441 praestat,
438 3357 516 3437 quod
541 3358 610 3417 olim
634 3375 670 3416 ex
694 3357 830 3432 uestigiis
853 3355 922 3415 iibri
945 3355 997 3416 Ox.
1022 3359 1052 3416 in
1072 3357 1259 3420 Eratosthen.

88 3473 119 3530 p.
145 3452 209 3515 218
234 3456 401 3538 elicueram,
422 3446 663 3535 Ἀριστοφάνης
685 3447 739 3514 καὶ
759 3445 912 3535 Πλάτων,
936 3452 1000 3513 coll.
1025 3455 1118 3534 intpp.
1138 3456 1259 3536 Gregor.

91 3549 159 3612 Cor.
173 3572 201 3631 p.
221 3552 282 3614 144
297 3574 339 3632 sq.
377 3553 447 3614 Vtut
466 3561 520 3634 est,
539 3552 642 3612 eadem
661 3553 814 3610 nominum
829 3548 981 3623 Πλοῦτος
996 3559 1025 3611 ct
1042 3546 1259 3635 Πλούταρχος

90 3650 199 3710 accidit
221 3654 400 3730 permutatio
424 3652 454 3710 in
480 3669 530 3712 uu.
554 3640 784 3710 ἀνανεοῦσθαι
808 3657 838 3708 et
860 3640 1010 3727 θράνοςῖ

180 3747 233 3807 His
256 3747 439 3827 Bernhardyi
467 3747 569 3807 uerbis
596 3765 720 3826 prorsus
749 3765 795 3806 me
818 3746 931 3827 addico,
958 3765 1054 3825 neque
1079 3766 1258 3828 quemquam

89 3844 181 3904 alium
204 3847 301 3905 iacere
319 3864 407 3924 posse
431 3844 568 3926 arbitror,
597 3853 629 3905 ut
654 3847 698 3904 eis
726 3844 813 3903 fidem
837 3844 970 3922 deneget.
1016 3842 1096 3913 Quae
1125 3864 1194 3905 cum
1217 3849 1257 3908 ita

88 3944 158 4023 sint,
178 3961 215 4001 ne
234 3943 290 4002 hoc
310 3943 429 4022 quidem
448 3944 645 4020 fragmentum
664 3941 699 4000 ad
714 3941 833 4002 Plutum
847 3943 987 4023 priorem,
1007 3941 1058 4000 sed
1074 3941 1109 4000 ad
1124 3943 1256 4028 eandem,

88 4056 165 4116 quae
188 4048 339 4118 superstes
363 4049 417 4122 est,
441 4038 567 4099 fabulam
590 4040 787 4117 posteriorem
810 4039 999 4100 referendum
1023 4047 1076 4100 est.

178 4134 205 4211 ξ.
238 4134 286 4196 14.
336 4137 401 4196 Nou
433 4139 526 4215 magis
558 4136 593 4195 ad
626 4138 771 4196 rationem
804 4147 936 4197 nostram
968 4137 1004 4198 de
1036 4136 1123 4198 Pluto
1155 4141 1254 4218 priore

160 4362 186 4427 1)
206 4361 328 4414 Zonarae
351 4361 428 4414 locus
453 4366 507 4415 est:
531 4354 567 4429 ἦν
586 4359 613 4415 δ’
635 4358 701 4432 ἐγώ·
727 4359 801 4429 ἔφην
819 4353 848 4412 d’
869 4355 936 4429 ἐγώ·
955 4357 1032 4431 παρὰ
1052 4362 1185 4418 Πλάτωνι
1202 4367 1252 4420 καλ

84 4435 283 4509 Ἀριστοφάνει.

140 4538 319 4578 Βίιεοιιοῑίοοοε
332 4541 344 4578 Ι
345 4551 446 4580 eeeeeeee
467 4541 508 4580 IV.
1028 4536 1042 4582 ‘1
