2956 5092
601 334 821 408 491...

124 511 290 590 posteriore
323 503 444 590 ταύτης
476 502 676 583 ἀπαλλάξειν
707 520 743 568 σε
775 503 834 586 τῆς
864 496 1070 586 liudewitum
1102 505 1231 584 alioquin
1264 506 1295 564 in

125 607 264 667 omnibus
292 608 445 668 codicibus
473 627 532 668 non
560 609 609 668 hic
639 625 746 667 uersus
774 604 936 684 legeretur,
967 603 1018 664 sed
1042 602 1115 663 altor
1138 602 1186 662 ille
1211 602 1295 662 scho-

124 699 253 766 liastae.'
300 705 357 765 Sed
382 725 436 785 ego
460 724 519 766 non
542 708 705 786 perspicio,
728 703 799 782 quid
823 721 877 762 nos
900 702 955 762 hac
979 704 1149 762 coniectura
1172 699 1295 779 probata

124 804 323 883 proficiamus.
370 804 442 865 Nam
474 807 499 864 si
526 803 722 864 Fritzschium
751 802 846 861 secuti
875 818 1014 860 numeros
1047 801 1125 859 inter
1156 817 1187 858 se
1216 816 1294 858 com-

125 910 283 981 mutamus,
304 920 409 976 nonne,
430 921 497 962 oum
516 901 572 961 hoc
588 903 754 980 statuimus,
772 905 864 958 totam
884 897 1058 957 scholiastae
1077 897 1294 956 adnotationem

124 999 215 1059 uilem
244 1018 278 1059 ac
306 1018 344 1058 ne
372 999 478 1060 tantilli
506 999 625 1078 quidem
653 999 743 1077 pretii
771 1014 836 1055 esse
869 991 1066 1055 confitemur?
1116 993 1153 1054 Et
1180 995 1211 1052 in
1238 992 1294 1052 hoo

125 1097 316 1157 fundamento
349 1096 422 1156 adeo
455 1096 570 1156 labante
604 1094 723 1155 audebit
755 1095 912 1171 quisquam
945 1094 1178 1171 fragmentorum
1212 1092 1295 1168 qnasi

124 1193 290 1253 aediticium
315 1186 378 1273 (uel
401 1212 455 1271 per
478 1211 509 1252 se
533 1186 695 1272 incertum)
720 1187 897 1250 exstruere?

216 1290 274 1350 Sed
303 1293 389 1350 etiam
419 1292 444 1349 si
471 1290 544 1349 haec
573 1308 621 1348 res
650 1289 773 1348 minoris
801 1289 943 1348 momenti
971 1305 1038 1347 esse
1065 1288 1164 1366 putari
1188 1293 1296 1365 posset,

126 1388 274 1447 undenam
292 1395 355 1446 tum
376 1387 562 1446 scholiastam
583 1388 781 1463 cognitionem
800 1383 909 1462 prioris
923 1383 1004 1445 Pluti
1022 1383 1136 1443 fabulae
1157 1382 1295 1461 adeptum

125 1503 192 1545 esse
222 1481 454 1543 arbitrabimur?
496 1483 609 1562 Ipsisne
633 1483 712 1542 Pluti
739 1481 854 1542 duabus
881 1481 1105 1542 recensionihus
1133 1477 1297 1558 inspeetis?

125 1583 163 1642 At
187 1581 334 1660 quomodo
358 1590 421 1641 tum
445 1581 564 1662 accidit,
593 1590 625 1641 ut
648 1582 778 1658 priorem
805 1579 932 1639 fabulam
960 1580 1170 1658 posteriorem,
1199 1584 1295 1655 poste-

128 1684 239 1741 riorem
263 1682 392 1758 priorem
417 1675 605 1739 nominaret?
650 1677 695 1736 An
718 1695 753 1736 ex
777 1672 931 1755 ‘antiquo'
955 1671 1166 1754 grammatico?
1211 1674 1248 1734 dt
1272 1677 1298 1734 si

125 1762 152 1838 is
167 1787 323 1855 utramque
338 1776 466 1836 fabulam
485 1779 548 1855 ipse
568 1777 704 1855 inspexit,
724 1793 777 1834 cur
796 1777 822 1834 is
842 1792 983 1834 numeros
1004 1775 1083 1832 inter
1102 1791 1133 1831 se
1148 1768 1297 1831 mutauit?

126 1884 178 1936 aut
201 1877 309 1934 sinon
333 1876 472 1955 mutauit,
502 1892 556 1934 cur
582 1872 632 1932 hic
658 1872 813 1934 scholiasta
838 1868 992 1933 contudit?
1039 1871 1090 1930 Sin
1115 1878 1212 1930 autem
1237 1889 1296 1930 non

126 1975 184 2053 ipsi
207 1973 281 2033 duas
304 1971 383 2032 Pluti
406 1970 552 2030 editiones
576 1970 716 2030 euoluere
740 1970 838 2052 licuit,
861 1971 940 2031 unde
966 1979 1028 2030 tum
1051 1971 1077 2028 is
1100 1987 1152 2028 sua
1176 1964 1297 2028 hausit?

217 2069 305 2129 Vides
329 2072 386 2130 iam
410 2071 498 2129 etiam
522 2070 548 2128 si
568 2066 721 2128 Fritzschii
744 2071 945 2129 coniecturam
969 2070 1065 2147 primo
1090 2065 1209 2144 quidem
1232 2084 1296 2143 spe·

128 2171 239 2228 oiosam
272 2168 446 2247 accipimus,
482 2183 669 2243 quocumque
706 2176 736 2225 te
774 2168 918 2241 uerteris,
955 2165 1143 2226 difficultates
1179 2164 1297 2224 obstare

127 2267 277 2345 maximas,
296 2264 404 2342 quihus
423 2282 460 2324 ne
481 2263 654 2323 scholiastae
674 2266 879 2324 auctoritatem
894 2265 974 2323 omni
989 2262 1164 2324 dubitationi
1178 2280 1296 2340 exemp-

128 2372 187 2424 tam
211 2362 412 2441 uindicemus,
440 2361 618 2439 impedimur
641 2369 671 2421 et
694 2363 781 2421 etiam
804 2361 940 2421 nolentes
964 2380 998 2421 eo
1027 2363 1174 2442 cogimur,
1203 2368 1236 2420 ut
1258 2359 1297 2439 id,

129 2459 208 2539 quod
235 2462 293 2520 iam
321 2458 437 2538 pridem
465 2458 722 2518 demonstraturus
751 2477 831 2539 sum,
858 2477 955 2537 neque
985 2457 1172 2518 scholiastam
1200 2460 1297 2536 ipsum

130 2577 228 2637 neque
252 2559 316 2616 eius
340 2566 491 2616 auctorem
516 2556 588 2616 duas
611 2556 691 2616 Pluti
715 2557 858 2618 editiones
881 2556 992 2616 uidisse
1016 2555 1088 2615 adeo
1115 2574 1174 2615 non
1202 2555 1298 2615 refelli

128 2655 221 2714 libere
245 2655 451 2734 profiteamur,
475 2662 508 2714 ut
531 2661 634 2714 contra
656 2655 896 2715 manifestissime
920 2655 1121 2714 confirmetur.

218 2751 249 2812 V.
280 2751 318 2812 Et
341 2753 478 2830 qnoniam
503 2770 582 2811 nunc
606 2751 686 2812 nullo
710 2752 797 2812 modo
822 2747 925 2832 (unam
948 2753 1027 2811 enim
1046 2749 1125 2809 illam
1144 2752 1297 2830 rationem,

89 2905 96 2910 .
130 2867 205 2927 quae
233 2856 352 2927 praeter
380 2849 433 2908 has
457 2850 617 2925 excogitari
639 2857 751 2927 potest,
779 2858 813 2912 ut
836 2850 919 2910 illum
942 2850 1051 2928 prioris
1074 2847 1153 2908 Pluti
1175 2867 1296 2908 uersum

128 2949 160 3007 iu
183 2948 316 3025 margine
340 2946 450 3006 codicis
474 2948 547 3026 eius,
571 2964 629 3024 quo
653 2947 793 3008 utebatur
817 2948 982 3028 scholiasta,
1005 2947 1187 3025 adscriptum
1206 2947 1298 3007 fuisse

128 3047 170 3104 ita
197 3052 350 3124 putemus,
378 3051 411 3103 ut
439 3045 517 3104 unde
545 3045 720 3124 desumptus
746 3055 796 3105 aut
819 3045 1010 3124 quamobrem
1035 3046 1187 3124 appositus
1211 3052 1299 3129 esset,
1387 3124 1391 3130 ,

129 3143 321 3221 reticeretur,
353 3141 428 3200 hane
459 3141 508 3201 uel
540 3161 600 3202 uno
632 3142 726 3202 uerbo
759 3145 917 3223 attingere,
950 3142 1060 3202 nedum
1088 3143 1218 3202 refutare
1250 3159 1298 3201 me

130 3231 251 3321 pudet):
280 3241 418 3316 quoniam
445 3242 537 3317 igitur
566 3239 646 3299 nullo
673 3241 760 3300 modo
789 3241 962 3301 scholiastae
986 3240 1205 3300 adnotationem
1231 3258 1299 3300 cum

131 3343 299 3396 ceterorum
324 3337 504 3397 scholiorum
528 3339 701 3397 condicione
725 3357 889 3416 congruere
914 3357 1010 3417 neque
1036 3337 1188 3397 conciliari
1210 3355 1297 3416 posse

131 3435 338 3514 cognouimus,
369 3452 449 3495 nunc
476 3437 578 3513 paucis
606 3435 812 3514 exponendum
840 3444 899 3516 est,
928 3436 1068 3514 quidnam
1090 3434 1161 3495 huic
1185 3434 1298 3494 scholio

131 3530 298 3589 faciendum
318 3533 365 3590 sit.
401 3531 496 3610 Atque
520 3532 576 3592 hoc
600 3550 635 3592 ex
659 3535 711 3613 eis,
735 3551 810 3611 quae
834 3534 966 3612 exposui,
989 3531 1113 3593 euidens
1137 3550 1202 3592 esse
1226 3531 1299 3592 mihi

131 3627 251 3689 uidetur
283 3646 380 3706 neque
413 3631 547 3708 quisquis
582 3647 739 3690 causarum
773 3633 981 3708 rationumque
1019 3647 1109 3708 supra
1145 3629 1299 3690 allatarum

130 3727 304 3803 grauitatem
334 3729 518 3804 reputarrerit
545 3746 579 3787 ao
607 3730 794 3810 pernouerit,
826 3727 962 3788 dubitare
990 3730 1047 3787 iam
1075 3729 1198 3807 poterit,
1227 3729 1302 3805 quin

131 3821 306 3882 scholiastae
335 3842 441 3883 uersus
469 3843 505 3883 ex
533 3826 797 3902 interpretamento
825 3825 977 3903 paullatim
1005 3826 1149 3903 originem
1173 3824 1299 3904 duxerit,

130 3921 231 3998 itaque
245 3938 299 3998 pro
315 3923 417 3999 spurio
431 3920 585 3981 habendus
600 3931 630 3981 et
648 3941 683 3982 ex
701 3925 811 4002 prioris
824 3922 903 3982 Pluti
923 3922 1154 4000 fragmentorum
1174 3940 1298 3981 numero

132 4016 323 4095 expellendus
343 4020 389 4078 sit.
427 4018 580 4089 Quomodo
600 4026 699 4080 autem
722 4020 889 4099 quibusque
913 4018 1126 4079 mutationibus
1150 4039 1185 4078 ex
1208 4021 1298 4081 inter-

130 4121 316 4194 pretamento
336 4118 436 4176 nescio
461 4135 519 4194 quo
543 4135 650 4177 uersus
673 4117 722 4178 ille
746 4117 919 4179 scholiastae
943 4118 1081 4197 euaserit,
1104 4116 1133 4176 id
1157 4124 1191 4176 ut
1213 4136 1298 4177 accu-

129 4214 224 4272 ratius
252 4232 396 4292 exponam
424 4215 580 4292 causisque
609 4215 794 4293 cnnfirmem,
823 4233 908 4274 nemo
932 4214 1037 4275 harum
1061 4233 1161 4274 rerum
1185 4217 1300 4292 peritus

130 4308 300 4387 postulabit.
346 4309 420 4369 lllud
444 4318 558 4371 tantum
582 4330 636 4390 pro
660 4320 742 4372 certo
766 4311 870 4372 haberi
893 4315 1016 4393 poterit,
1039 4311 1225 4373 scholiastam
1249 4312 1298 4373 illo

131 4426 223 4469 uersu
251 4402 329 4489 (siue
357 4410 416 4468 iam
444 4417 505 4468 tum
532 4411 683 4488 perfectus
706 4427 814 4470 uersus
838 4419 901 4470 erat
924 4411 988 4469 sine
1013 4409 1167 4489 explicatio
1192 4429 1299 4471 uersus
