2956 5092
627 323 845 387 ..54-

152 487 314 568 posterius,
338 497 371 548 ut
394 485 526 547 Ritterus
558 489 587 547 iu
613 481 780 565 ‘Philologi'
808 488 958 550 uolumine
982 485 1025 548 34
1054 507 1081 567 p.
1105 485 1170 549 447
1196 508 1259 568 sqq.
1287 487 1319 549 de

152 584 294 664 Nubibus,
323 587 362 644 ita
393 587 429 645 de
452 585 538 646 Pluto
568 587 686 664 quidem
716 585 812 646 labula
836 588 973 665 equidem
998 605 1051 665 ego
1076 597 1228 666 praestare
1254 589 1319 649 mibi

152 686 256 745 uideor
287 703 373 763 posse
402 703 451 764 eo,
479 695 512 744 ut
540 687 596 744 iam
626 685 889 746 Alexandrinorum
926 696 1020 746 aetate
1054 687 1175 746 alteram
1209 695 1321 747 tantum

151 783 334 860 eandemque
345 793 432 860 atque
444 801 523 842 ntmc
535 783 611 842 Pluti
627 782 786 842 editionem
803 787 993 861 superstitem
1010 785 1101 843 luisse
1115 785 1323 864 demonstrem,

153 900 228 959 quae
253 881 310 940 illis
339 880 453 940 fabulae
478 883 541 940 eius
566 884 693 941 nominis
716 884 799 960 prior
822 885 957 941 recensio
982 902 1047 941 esse
1072 882 1235 942 uideretur.
1281 883 1322 942 Ad

152 979 230 1057 quorl
265 978 452 1038 ellicieudum
489 982 659 1056 praemissis
692 983 795 1058 paucis
832 978 868 1038 dc
901 979 979 1038 Pluti
1007 979 1117 1057 duplici
1150 983 1323 1040 recensione

151 1079 279 1154 primum
308 1096 324 1135 e
353 1075 472 1135 scholiis
501 1095 577 1157 rem,
606 1077 753 1155 quomodo
783 1096 814 1137 se
842 1077 960 1155 habeat,
992 1096 1106 1150 eruam,
1138 1076 1244 1136 deinde
1272 1097 1324 1138 eos

152 1173 338 1252 pertractabo
362 1173 458 1253 locoS,
482 1176 534 1251 qui
558 1177 722 1234 sententiae
746 1178 785 1236 ita
810 1177 961 1253 indagatae
991 1175 1109 1235 obstare
1133 1175 1325 1256 uidebuntur,

153 1274 171 1332 i.
195 1291 219 1334 e.
244 1272 416 1350 fragmenta,
449 1291 523 1350 quae
547 1271 662 1332 fabulae
687 1273 858 1352 deperditae
878 1292 943 1333 esse
968 1274 1116 1351 dIcuutur,
1141 1284 1171 1333 et
1194 1273 1325 1334 didasca-

151 1370 227 1450 liam,
256 1371 399 1431 Athenaei
427 1369 475 1429 lib.
499 1369 539 1428 lx
570 1390 597 1449 p.
622 1368 686 1432 368
711 1370 743 1451 11,
772 1371 863 1432 schol.
886 1370 969 1430 Hom.
994 1371 1026 1432 ll.
1051 1379 1075 1444 ψ
1100 1369 1172 1450 361,
1196 1371 1249 1431 ubi
1272 1391 1323 1450 po-

150 1469 285 1527 sterioris
309 1468 492 1534 recensionis
517 1470 626 1527 mentio
650 1470 812 1532 inuenitur.

660 1683 751 1754 Pars
780 1683 805 1754 1.

153 1845 200 1915 Ite
228 1845 320 1916 Pluti
352 1846 547 1934 superstitis
576 1845 880 1915 alexandrinorum
912 1845 1118 1934 temporibus
1152 1848 1322 1916 memoria.

656 2073 769 2152 Caput
794 2073 816 2135 l.

177 2202 235 2269 De
261 2205 384 2269 Pluto
410 2204 510 2284 quid
532 2204 817 2269 iudicauerint
839 2206 1003 2270 ueteres
1026 2206 1290 2288 interpretes,

239 2350 269 2427 ἓ.
296 2349 322 2412 1.
368 2349 486 2409 Plutum
516 2349 561 2409 bis
589 2353 618 2409 in
649 2368 766 2409 scenam
791 2352 978 2409 commissam
1008 2370 1072 2411 esse
1097 2361 1218 2431 apparet
1242 2352 1322 2412 lucu-

149 2448 314 2509 lentissime
343 2466 379 2507 ex
407 2445 496 2506 schol.
526 2447 603 2507 Plut.
632 2467 657 2506 v.
685 2444 760 2526 173,
789 2446 840 2506 ubi
864 2447 1020 2508 scholiasta
1049 2449 1175 2509 fabulam
1200 2449 1320 2510 alteram

153 2546 225 2605 dicit
249 2547 355 2623 uiginti
378 2545 463 2603 aunis
486 2551 554 2621 post
577 2546 707 2621 priorem
732 2554 864 2605 extremo
896 2545 960 2605 loco
984 2546 1100 2606 doctam
1125 2566 1199 2608 esse.
1246 2546 1319 2606 Ean·

150 2643 217 2702 dem
237 2642 361 2703 duarum
381 2640 461 2700 Pluti
480 2640 644 2701 fabularum
666 2642 886 2702 distinctionem
901 2645 1070 2703 inuenimus
1090 2646 1119 2703 in
1136 2645 1226 2704 schol.
1246 2644 1319 2706 Plut.

150 2761 175 2802 v.
193 2737 287 2822 1146,
307 2739 359 2800 ubi
373 2739 530 2800 scholiasta
550 2741 641 2802 uerba
657 2741 800 2821 quaedam
820 2759 855 2800 ex
875 2740 966 2800 altera
982 2743 1046 2802 eius
1062 2745 1189 2802 nominis
1205 2762 1319 2803 comoe-

149 2839 196 2898 dia
216 2841 246 2898 111
269 2838 391 2898 alteram
410 2837 545 2916 neglecto
564 2846 732 2917 temporum
757 2839 860 2898 ordine
886 2839 1024 2899 translata
1049 2859 1115 2900 esse
1145 2843 1320 2919 suspicatur.

237 2936 279 2996 De
308 2937 464 3014 utriusque
493 2938 676 2996 recensionis
712 2948 845 3015 tempore
874 2956 908 2996 ex
938 2937 1057 2997 scholiis
1086 2940 1230 2998 certiores
1258 2939 1321 2998 lieri

149 3052 316 3112 possumus.
369 3033 440 3092 Nam
465 3033 555 3094 altera
584 3034 688 3094 barum
718 3034 882 3094 tabularum
911 3038 1119 3112 cognominum
1153 3035 1239 3095 docta
1268 3045 1321 3114 est,

150 3136 175 3192 si
195 3131 381 3192 didascaliam
404 3134 437 3191 in
456 3139 630 3209 argumento
652 3131 688 3190 IV
713 3135 892 3210 propositam
918 3135 1079 3212 sequimur,
1103 3133 1244 3192 archonte
1265 3135 1320 3192 An·

151 3232 267 3309 tipatro,
292 3247 379 3308 quem
404 3229 440 3288 ol.
460 3227 511 3309 97,
530 3225 703 3309 4=389s8
728 3229 899 3289 anebontem
919 3231 1011 3290 luisse
1030 3239 1146 3290 constat
1165 3250 1181 3289 1
1201 3230 1321 3290 iliodori

149 3326 197 3386 lib.
223 3325 287 3385 XIV
314 3323 375 3386 103
406 3326 471 3386 coll.
495 3327 641 3405 capitibus
665 3325 717 3407 94,
741 3325 791 3407 97,
817 3324 867 3387 99.
913 3327 973 3386 lam
998 3330 1023 3386 si
1048 3329 1218 3387 memoriam
1242 3327 1320 3386 illam

150 3424 254 3484 scholii
282 3424 318 3484 ad
347 3444 371 3484 v.
398 3421 460 3485 173
490 3424 576 3484 modo
606 3434 865 3485 commemoratam
890 3424 1125 3505 adhibuerimuS,
1156 3426 1320 3484 secundum

150 3541 237 3601 quam
266 3523 348 3601 prior
371 3521 475 3582 Plutus
507 3525 648 3582 uicesimo
672 3541 748 3582 anno
773 3532 839 3583 ante
864 3515 950 3583 docta
974 3533 1027 3602 est,
1051 3525 1181 3602 priorem
1200 3521 1320 3582 Plutum

149 3639 225 3680 anno
249 3615 345 3700 409s8
375 3639 480 3679 scenae
505 3623 690 3679 commissam
715 3638 781 3680 esse
805 3622 1001 3681 inueniemus.
1048 3620 1089 3680 hc
1113 3622 1246 3699 prolecto
1278 3623 1320 3680 sic

149 3737 198 3778 res
227 3716 378 3777 sehabet.
425 3715 497 3776 Nam
521 3735 584 3797 eos,
614 3719 665 3794 qui
689 3717 779 3778 schol.
803 3717 879 3778 Plut.
903 3737 928 3777 v.
956 3714 1016 3778 179
1042 3727 1320 3798 commemorantur,

149 3815 279 3876 Dioclem
299 3824 329 3874 et
348 3814 503 3874 Chabriam
523 3815 649 3874 duorum
670 3832 815 3874 annorum
838 3814 996 3874 archontes
1016 3834 1081 3874 esse
1102 3814 1185 3874 lacile
1205 3834 1240 3874 ex
1261 3823 1319 3874 tota

149 3914 228 3973 illius
252 3913 309 3972 loci
333 3914 495 3973 conexione
519 3913 626 3973 elucet.
669 3911 824 3988 Chabriam
848 3922 946 3972 autem
970 3913 1142 3972 archontem
1167 3913 1258 3972 luisse
1283 3913 1318 3972 ol.

148 4007 200 4090 91,
224 4005 396 4090 2=415J4
424 4012 559 4071 uidemus
588 4030 604 4070 1
628 4010 748 4071 Diodori
772 4009 838 4069 Xlll
864 4007 893 4090 2,
925 4010 1062 4089 idemque
1087 4010 1217 4070 Dioclem
1241 4013 1319 4070 inter

148 4108 305 4168 archontes
337 4107 508 4187 olympiadis
543 4104 599 4188 92,
630 4105 820 4189 4=409J8
854 4110 955 4169 refert.
1005 4108 1063 4178 Qui
1102 4111 1181 4168 inter
1213 4108 1319 4169 horum

148 4207 275 4266 duorum
300 4207 434 4266 uirorum
464 4209 653 4285 magistratus
682 4208 855 4267 circumacti
879 4215 948 4266 sunt
976 4215 1090 4285 septem
1115 4207 1191 4284 anni,
1223 4208 1246 4264 si
1272 4207 1319 4266 ad-

148 4312 343 4364 numerantur
371 4311 483 4382 septem
512 4303 571 4363 illis
601 4303 698 4364 Laidis
726 4305 894 4364 meretricis
922 4306 1015 4386 annis,
1043 4322 1118 4382 quae
1143 4297 1267 4375 ἑπτέτις
1289 4306 1318 4363 in

149 4402 248 4462 Sicilia
267 4409 352 4480 capta
371 4420 436 4461 csse
455 4402 573 4482 dicitur,
593 4402 765 4462 efficiuntur
780 4401 1016 4480 quattuordecim
1038 4400 1080 4460 illi
1099 4399 1197 4458 Laidis
1216 4403 1320 4460 aetatis
