2956 5092
684 365 903 428 -86-

211 529 369 606 posuisset,
393 527 463 606 quid
488 528 579 586 luisse
604 525 711 606 credis,
735 525 811 604 quod
837 528 930 586 ceteri
953 545 1016 586 eam
1042 545 1077 585 eo
1103 527 1281 587 collocarent
1303 526 1381 608 loco,

209 642 267 703 quo
286 641 345 682 non
365 621 489 685 debuit?

297 719 431 782 Perfecta
456 739 535 782 nunc
555 721 735 782 scholiorum
756 720 1011 801 contemplatione,
1035 739 1072 780 ex
1091 739 1148 800 qua
1167 723 1303 800 quemuis
1322 720 1382 780 alte

208 823 238 880 in
267 822 386 898 antiqua
416 829 548 898 tempora
577 819 832 900 descenderimus,
859 826 957 878 tamen
982 821 1161 897 quicumque
1189 818 1274 879 nobis
1297 819 1382 879 obuii

211 919 282 978 iacti
306 926 375 978 strnt
399 919 579 994 interpretes
599 935 702 976 omnes
725 919 855 996 priorem
876 916 933 975 sibi
950 916 1068 976 Plutum
1093 916 1191 995 legere
1212 919 1294 976 uisos
1313 935 1381 977 esse

209 1016 443 1077 luculentissime
472 1017 621 1095 apparuit,
649 1014 678 1073 id
712 1014 789 1092 quod
821 1031 910 1091 supra
938 1013 1023 1072 nobis
1051 1031 1315 1093 proposueramus,
1347 1020 1384 1073 ut

210 1114 358 1172 neminem
373 1119 510 1170 ueterum
529 1113 726 1189 interpretum
747 1110 1030 1188 scholiastarumque
1050 1111 1123 1171 duas
1142 1110 1220 1170 Pluti
1234 1110 1383 1170 editiones

212 1210 322 1270 uidisse
346 1209 628 1289 demonstraremus,
652 1208 680 1268 id
705 1211 762 1267 iam
786 1207 924 1266 ellectum
947 1215 1000 1267 est.
1046 1207 1118 1267 Nam
1143 1225 1230 1286 quam
1254 1207 1289 1267 ad
1314 1215 1383 1267 sen-

211 1309 332 1367 tentiam
349 1306 429 1366 falsis
445 1304 644 1366 scholiasta
654 1324 729 1365 rum
745 1303 933 1383 opinionibus
948 1307 1074 1382 repertis
1090 1305 1249 1383 confugere
1265 1304 1384 1385 licebat,

210 1414 364 1465 uteorum
389 1403 426 1462 de
449 1402 529 1461 Pluti
552 1403 682 1462 editione
706 1419 840 1462 errorem
863 1408 913 1460 aut
937 1420 1041 1462 eorum
1065 1402 1266 1480 indiligentiae
1289 1404 1384 1462 notis·

212 1505 302 1562 simae
322 1509 372 1561 aut
391 1499 535 1559 librorum
551 1502 685 1560 inscitiae
706 1498 914 1578 tribueremuS,
934 1500 1056 1559 eandem
1071 1501 1106 1559 ad
1121 1501 1383 1578 grammaticorum

211 1597 485 1674 Alexandrinorum,
511 1596 750 1656 doctissimorum
775 1598 866 1656 telius
889 1598 1073 1674 antiquitatis
1096 1599 1239 1676 uirorum,
1263 1614 1385 1656 errores

210 1695 408 1775 explicandos,
423 1712 550 1772 quonam
565 1695 652 1754 modo
667 1696 732 1755 tieri
745 1695 906 1773 potuerint,
921 1712 1082 1772 propagare
1102 1712 1160 1752 non
1175 1695 1232 1752 iam
1247 1692 1325 1754 licet.
1350 1693 1384 1753 Si

211 1794 241 1854 hi
257 1795 314 1852 uiri
325 1791 512 1852 celeberrimi
526 1793 556 1850 in
571 1799 630 1851 tam
645 1810 818 1870 peruersam
828 1793 998 1869 opinionem
1008 1791 1187 1871 inciderunt,
1202 1809 1237 1850 ex
1246 1790 1384 1850 hacdiiti·

212 1891 321 1950 cultate
336 1897 365 1949 te
377 1888 516 1968 expedire
532 1907 591 1947 non
601 1891 723 1970 poteris,
738 1891 795 1948 nisi
809 1888 848 1968 id,
862 1889 940 1966 quod
951 1888 1135 1966 probandum
1147 1896 1218 1968 erat,
1233 1890 1387 1968 statueris,

213 1988 361 2046 neminem
376 1992 513 2044 ueterum
533 1986 730 2062 interpretum
751 2003 889 2064 umquam
910 1985 982 2045 duas
1001 1985 1079 2045 Pluti
1098 1985 1242 2045 editiones
1261 1984 1384 2046 uidisse.

303 2082 332 2158 ξ.
353 2081 380 2143 8.
411 2081 468 2141 Sed
488 2100 525 2141 ne
545 2083 612 2159 quis
626 2081 680 2141 hac
700 2082 951 2142 demonstratione
967 2085 1114 2142 neminem
1134 2082 1189 2142 sibi
1204 2081 1386 2161 persuadere

213 2184 279 2260 cogi
303 2181 389 2260 dieat,
418 2182 474 2238 iam
504 2181 716 2257 antiquissimis
744 2176 929 2257 temporibus
950 2178 1068 2239 Plutum
1092 2182 1222 2258 priorem
1246 2180 1385 2238 amissam

213 2280 314 2358 fuisse,
336 2278 406 2337 huic
430 2279 679 2355 argumentationi
701 2277 755 2336 alia
780 2274 954 2353 subiungam
975 2280 1150 2340 testimonia.

303 2375 465 2435 Scholiasta
493 2375 529 2434 ad
558 2392 681 2434 uersum
711 2371 796 2434 1146
825 2375 876 2451 qui
899 2374 971 2433 haec
1002 2373 1094 2434 uerba
1119 2377 1251 2452 scripsit:
1282 2371 1386 2435 τοῦτο

214 2459 277 2534 ούυ
302 2468 409 2533 ἔοικέ
429 2493 488 2543 τις
514 2467 549 2532 ἐκ
576 2468 638 2531 τού
661 2466 819 2552 δευτέρου
843 2465 1002 2532 Πλούτου
1025 2464 1229 2550 μετενεγκὼν
1260 2464 1387 2532 ἐνθάδε

215 2562 419 2650 oltemperet
442 2567 501 2648 τῆς
520 2560 658 2647 ἀλογίας
680 2561 813 2647 ταύτης,
837 2570 861 2627 si
886 2568 958 2628 duas
977 2566 1078 2627 Plutus
1102 2567 1262 2647 habuisset,
1285 2587 1387 2628 nonne

163 2731 166 2735 ,
215 2669 380 2727 certissime
414 2666 549 2725 dixisset:
581 2662 681 2724 τούτο
709 2659 744 2724 ἐκ
771 2660 833 2724 τοῦ
860 2657 896 2742 β’
925 2657 1083 2724 Πλούτου
1110 2657 1388 2744 μετενήνεκται

215 2764 263 2824 uel
292 2766 391 2843 potius
420 2762 493 2822 nihil
523 2759 667 2822 dixisset?
708 2761 780 2822 ltem
810 2761 966 2821 scholiasta
990 2781 1017 2821 u.
1044 2760 1115 2842 173,
1144 2765 1205 2843 qui,
1227 2771 1388 2841 postquam

216 2851 441 2939 explicationem
461 2860 589 2938 sibiipsi
608 2878 666 2920 non
687 2860 867 2920 arridentem
887 2862 1074 2940 excogitauit,
1093 2863 1136 2919 sic
1156 2861 1255 2921 dicere
1274 2864 1387 2940 pergit:

215 2957 245 3020 el
272 2950 331 3038 μὴ,
365 2948 459 3038 ὅπερ
493 2949 611 3036 εἰκὸς,
643 2953 679 3017 ἐκ
705 2955 766 3017 τοῦ
795 2950 953 3035 δευτέρου
980 2949 1139 3018 Πλούτου
1170 2956 1269 3019 τούτο
1297 2977 1387 3037 μετε·

216 3047 383 3133 υύυεκτοτι,
406 3073 505 3114 nonne
530 3054 578 3113 hic
602 3072 730 3133 quoque,
754 3056 778 3113 si
803 3053 875 3113 duas
895 3052 996 3113 Plutos
1019 3054 1179 3135 habuisset,
1202 3057 1295 3116 multo
1315 3075 1388 3116 con·

217 3152 357 3211 fidentius
375 3151 492 3210 locutus
512 3159 591 3210 esset
610 3150 658 3210 uel
678 3153 776 3229 potius
795 3147 959 3210 tacuisset?
981 3150 1053 3210 Nam
1074 3154 1097 3211 si
1118 3155 1248 3231 priorem
1266 3153 1388 3214 Plutum

216 3251 365 3327 inspicere
394 3251 422 3308 ei
449 3247 596 3328 licuisset,
625 3266 723 3307 nonne
746 3247 942 3307 intellexisset
972 3250 1002 3307 in
1026 3267 1060 3307 ea
1083 3249 1140 3308 tale
1166 3251 1234 3328 quid
1259 3269 1317 3310 non
1341 3253 1388 3311 in·

217 3366 283 3407 esse
303 3346 340 3406 oh
360 3364 484 3424 eamque
500 3363 618 3406 causam
637 3345 722 3405 aliter
741 3343 970 3424 explicanisset?
993 3345 1086 3405 Porro
1100 3348 1249 3425 interpres
1268 3366 1297 3410 u.
1313 3345 1389 3430 179,

217 3447 242 3505 si
264 3446 396 3523 priorem
419 3443 537 3504 Plutum
566 3444 695 3523 adiisset,
723 3461 739 3501 a
763 3461 820 3521 qua
843 3443 891 3502 hic
914 3462 1022 3503 uersus
1045 3442 1158 3523 aberat,
1191 3463 1289 3505 nonne
1313 3445 1390 3506 nihil

218 3561 283 3602 esse
313 3541 369 3602 sibi
392 3542 603 3620 persuasisset,
631 3559 685 3600 cur
709 3540 744 3599 de
768 3539 865 3600 Laidis
889 3549 983 3600 aetate
1005 3535 1103 3618 'deque
1126 3540 1279 3602 Philonide
1302 3543 1389 3604 dubi-

218 3641 339 3700 tandum
364 3635 464 3699 esset?
495 3637 595 3716 Ipsum
615 3637 800 3698 scholiastam
825 3657 932 3699 uersus
952 3636 1016 3700 385
1040 3641 1176 3700 uisurum
1200 3640 1291 3700 fuisse
1310 3640 1390 3724 dico,

217 3735 413 3817 Pamphilum,
436 3755 503 3796 cum
528 3738 557 3794 in
582 3734 672 3796 altera
697 3735 782 3795 Pluto
805 3736 991 3816 irrideretur,
1015 3755 1084 3796 sane
1109 3756 1142 3796 ea
1168 3745 1262 3797 aetate
1285 3738 1391 3821 luisse,

219 3843 252 3894 ut
271 3833 306 3893 ab
327 3832 521 3911 Aristophane
542 3835 768 3893 commemorari
787 3840 887 3911 posset
905 3852 1002 3912 neque
1022 3853 1089 3894 eum
1113 3835 1185 3894 haec
1204 3837 1390 3915 scripturum

219 3933 311 3992 luisse
336 3930 496 3990 contendo:
525 3925 561 3990 ἐν
583 3925 698 4009 μέντοι
720 3936 792 4002 τοῖς
816 3927 1057 4003 Διδυσκαλίυις
1079 3924 1143 4011 πρὸ
1167 3925 1296 3993 τούτων
1319 3931 1390 3994 τῶυ

218 4021 351 4110 χρόνον
385 4019 565 4107 Πάμφιλος
601 4019 712 4099 οὐδεὶς
744 4022 879 4108 φέρεται
910 4023 1065 4110 τραγικός
1096 4030 1145 4090 uel
1178 4030 1265 4090 haec:
1301 4021 1317 4090 i.
1352 4025 1391 4093 dl

219 4118 409 4205 Πάμφιλος,
435 4116 479 4198 ὦς
502 4119 674 4205 detorqueri
697 4118 858 4206 υεούτερος
879 4112 923 4206 ἦν
943 4119 1213 4207 Ἀριστοφάνους.

309 4221 390 4292 Quae
418 4241 485 4282 cum
509 4225 549 4282 ita
573 4225 641 4303 sint,
670 4240 744 4300 quae
772 4226 830 4283 iam
853 4224 922 4295 dixi,
948 4232 1084 4303 repetere
1108 4243 1168 4284 non
1191 4242 1311 4284 uereor:
1336 4243 1391 4285 ne-

220 4324 329 4380 minem
349 4330 486 4381 ueterum
506 4321 704 4397 interpretum
724 4339 864 4399 umquam
883 4322 955 4381 duas
975 4320 1053 4381 Pluti
1072 4321 1226 4401 editiones,
1249 4321 1300 4382 sed
1321 4339 1392 4384 eam

219 4426 333 4478 tantum
358 4418 483 4498 uidisse,
507 4436 582 4496 quae
606 4417 641 4477 ad
664 4426 796 4478 nostram
821 4422 991 4480 memoriam
1014 4420 1129 4479 mansit.
