2956 5092
625 331 845 394 „32-

151 485 350 549 dubitationes
377 490 441 550 illas
471 491 506 550 de
534 490 620 551 Pluto
650 495 749 570 priore
779 493 814 552 ad
839 493 994 572 Didpnrum
1020 493 1126 553 relatas
1150 509 1228 571 esse,
1253 509 1323 550 cum

150 601 208 642 non
234 585 320 644 modo
340 587 495 665 explicatio
514 587 562 647 illa
582 588 618 647 de
638 587 822 668 Thrasybulo
842 590 1040 669 Dionysioque
1059 607 1183 669 prorsus
1202 586 1326 667 absona,

150 681 201 739 sed
227 691 322 742 totum
345 683 401 742 hoc
425 702 544 761 quoque
568 684 723 764 scholium,
750 691 886 765 quamuis
910 688 1044 748 diuersas
1068 688 1229 747 sententias
1254 703 1326 743 oon-

149 780 257 858 tinens‚
281 797 297 837 e
320 779 436 858 Didymi
460 783 680 841 commentariis
704 783 872 843 deriuatum
896 788 942 844 sit.
990 785 1047 844 Sed
1072 784 1127 843 hoo
1151 786 1208 842 iam
1232 800 1327 860 supra

149 878 221 934 satis
244 875 478 936 demonstratum
500 885 554 956 est,
577 880 677 956 itaque
702 883 801 940 statim
824 881 859 940 ad
883 881 912 940 id
933 885 1059 941 transire
1079 881 1149 940 licet
1166 879 1326 960 agendum,

150 973 228 1051 quod
248 977 356 1033 summi
376 977 517 1034 momenti
536 985 590 1054 est,
614 986 655 1058 ut,
675 980 741 1055 quis
761 979 851 1039 luerit
869 980 918 1040 ille
939 980 1119 1059 Apollonius,
1141 981 1171 1036 in
1196 977 1327 1037 clariore

149 1069 215 1129 luce
244 1090 359 1149 ponam.
406 1072 682 1132 commemorantur
709 1078 787 1135 enim
817 1095 867 1136 sex
892 1080 922 1136 in
954 1076 1073 1136 scholiis
1097 1075 1328 1153 Aristophaneis

148 1168 304 1248 Apollonii,
328 1188 454 1247 quorum
479 1171 682 1248 quaerendum
707 1181 752 1232 est
775 1182 875 1232 utrum
905 1191 983 1233 unus
1007 1191 1043 1231 an
1075 1170 1243 1249 complures
1266 1170 1327 1229 hoc

148 1265 213 1324 loco
236 1267 368 1344 intellegi
390 1270 515 1346 possint.

238 1363 336 1424 Semel
365 1364 502 1424 laudatur
525 1364 698 1442 Apollonius
722 1369 756 1447 is,
784 1370 833 1427 cui
863 1384 1027 1445 cognomen
1051 1366 1107 1424 luit
1130 1364 1328 1443 lehunensi,

149 1460 238 1519 schol.
268 1461 338 1520 nuh.
368 1459 441 1522 408.
490 1461 571 1530 Quae
600 1471 698 1521 autem
726 1463 767 1522 ihi
796 1464 936 1542 leguntur
964 1462 1069 1522 uerba:
1102 1457 1327 1521 Ἆιασίοισιν·

148 1548 245 1636 ἑορτὴ
267 1549 427 1637 Ἀθήνησι
445 1556 626 1637 Μειλιχίου
651 1552 737 1631 Διός
762 1607 793 1621 ..
814 1609 820 1621 .
840 1608 846 1620 .
867 1551 1088 1630 Ἀπολλώνιος
1112 1550 1148 1616 δὲ
1172 1547 1190 1616 ὁ
1211 1548 1329 1637 Ἀχαρ-

147 1646 226 1725 vade
239 1647 279 1713 τὰ
297 1647 422 1714 Διάσια
441 1653 604 1733 διακρίνει
623 1647 688 1717 ἀπὸ
707 1654 766 1735 τῆς
787 1655 848 1718 τοῦ
868 1654 1049 1735 Μειλιχίου
1075 1649 1198 1733 ἑορτῆς,
1222 1667 1329 1734 προσ-

148 1746 371 1830 αγορεύεσθαι
395 1743 479 1811 αὐτὰ
507 1747 628 1831 λέγων,
656 1746 808 1835 καθάπερ
831 1751 919 1826 τινές
943 1769 1057 1833 φασιν,
1084 1742 1228 1812 ἀπὸτοῦ
1253 1750 1327 1811 δια·

48 1844 52 1850 ’
148 1857 269 1926 φυγεῖν
284 1839 407 1919 αὐτοὺς
422 1839 533 1926 εὐχαῖς
547 1841 606 1920 τὰς
621 1841 726 1928 ἄρας’,
742 1871 775 1910 ea
795 1853 972 1911 sententiam
992 1858 1123 1909 nostram
1139 1867 1174 1907 eo
1189 1849 1323 1927 dirigere

150 1947 303 2024 uidentur,
332 1955 364 2004 ut
392 1964 460 2004 eum
494 1946 620 2004 sortasse
652 1947 830 2026 singularem
859 1943 934 2028 περὶ
967 1943 1092 2026 ἑορτῶν
1125 1946 1234 2006 librum
1268 1965 1326 2006 nec

149 2047 393 2102 commentarium
417 2042 665 2120 Aristophaneum
693 2048 849 2124 scripsisse
878 2055 1031 2125 putemus,
1061 2047 1109 2104 cui
1133 2046 1325 2104 coniecturae

148 2141 224 2200 haud
250 2144 311 2200 scio
336 2160 371 2200 an
396 2139 553 2200 subueniat
576 2141 718 2202 Athenaei
741 2142 789 2201 lib.
815 2143 837 2200 V
861 2163 887 2222 p.
914 2141 975 2203 191
990 2141 1020 2200 F.

239 2239 336 2298 Semel
351 2239 456 2298 deinde
476 2240 540 2315 ipse
560 2257 678 2316 quoque
697 2240 834 2300 laudatur
848 2241 1021 2318 Apollonius
1038 2240 1073 2318 is,
1092 2239 1144 2316 qui
1159 2237 1325 2298 uocabatur

149 2328 166 2396 ὁ
197 2330 340 2410 Μόλων;
375 2336 426 2395 sed
462 2354 499 2394 ne
532 2335 612 2394 hunc
643 2339 761 2414 quidem
794 2339 1039 2397 commentarium
1072 2335 1323 2413 Aristophaneum

149 2435 351 2512 composuisse
380 2452 414 2492 er
443 2434 517 2510 ipsis
545 2431 650 2491 scholii
677 2435 711 2492 ad
742 2436 811 2495 nub,
838 2432 901 2494 144
930 2433 1031 2493 uerbis
1061 2433 1094 2491 lit
1117 2431 1323 2491 manifestum:

149 2528 362 2610 Χαιρεφῶντι
393 2525 448 2589 καὶ
482 2520 503 2608 ἡ
538 2528 657 2589 Πυθία
700 2528 794 2591 δοκεῖ
822 2523 884 2592 τὸν
919 2524 994 2610 περὶ
1026 2526 1086 2588 τοῦ
1119 2521 1323 2608 Σωκράτους

148 2620 299 2709 χρησμὸν
328 2627 446 2688 εἰπεῖν·
471 2618 580 2706 σοφὸς
601 2630 668 2688 κτλ.
696 2628 817 2691 τοῦτον
839 2621 1060 2698 Ἀπολλώνιος
1084 2617 1101 2686 ὁ
1125 2619 1257 2687 Μόλων
1281 2622 1321 2686 ἐν

148 2722 198 2809 τῷ
221 2716 315 2784 κατὰ
339 2719 575 2804 φιλοσόφων
599 2720 765 2797 ἐψεῦσθαί
782 2739 879 2806 onon

237 2822 279 2881 Αο
308 2842 344 2882 ne
377 2822 510 2882 Rhodius
538 2823 657 2900 quidem
686 2825 858 2903 Apollonius
887 2823 1132 2883 commentarium
1164 2823 1319 2899 scripsisse

141 2919 282 3000 uidetur,
306 2923 374 2998 quia
402 2919 453 2980 uhi
476 2920 622 3000 laudatur,
652 2922 762 2981 iccirco
786 2931 900 2982 tantum
925 2921 1070 2999 laudatur,
1094 2927 1127 2978 ut
1151 2917 1263 2977 similes
1286 2936 1320 2976 ex

149 3020 214 3077 eius
237 3020 444 3096 Argonauticis
467 3017 525 3076 loci
549 3017 717 3078 ailerantur.

238 3115 368 3185 Quartus
392 3118 470 3176 inter
493 3114 600 3173 horum
624 3117 759 3176 uirorum
782 3117 936 3176 doctorum
956 3115 1165 3193 cognominum
1185 3111 1320 3172 ordinem

149 3221 195 3271 est
218 3213 390 3292 Apollonius
417 3211 569 3291 Dyscolus.
615 3213 688 3273 Nam
717 3232 933 3291 quamquama
966 3211 1132 3272 scholiastis
1151 3211 1209 3268 nisi
1233 3209 1319 3287 Apol·

149 3309 247 3370 lonius
270 3313 444 3390 cognomine
464 3313 573 3370 omisso
593 3330 652 3371 non
676 3310 848 3390 appellatur,
872 3319 970 3370 tamen
994 3308 1128 3367 adhunc
1152 3316 1215 3366 tres
1238 3306 1319 3365 locos

149 3409 322 3468 referendos
350 3427 416 3467 esse
444 3417 566 3486 apparet
597 3427 633 3467 ex
666 3426 769 3468 eorum
802 3411 865 3486 ipsa
895 3408 1026 3467 materia.
1073 3404 1138 3464 Huc
1169 3405 1322 3482 pertinent
1367 3442 1375 3453 -

150 3505 240 3565 schol.
263 3505 340 3566 Plut.
363 3503 434 3566 103.
471 3504 543 3564 Ran.
563 3503 637 3566 826.
678 3506 731 3584 Eq.
751 3504 802 3567 22.
840 3506 899 3566 Sed
918 3507 982 3564 eius
1002 3502 1227 3563 obseruationes
1244 3518 1319 3578 quae

148 3600 306 3663 laudantur
330 3603 402 3662 tales
426 3611 504 3675 sunt,
528 3611 561 3661 ut
584 3602 669 3662 facile
693 3621 729 3662 ex
752 3605 817 3663 eius
836 3611 900 3662 arte
921 3601 1111 3680 grammatica
1130 3599 1320 3676 depromptas
1371 3633 1375 3642 -

149 3719 199 3760 eas
226 3720 292 3760 esse
326 3702 494 3760 existimare
522 3699 610 3759 liceat
637 3718 733 3778 neque
762 3718 830 3761 eum
858 3699 1039 3778 peculiarem
1072 3696 1319 3756 commentarium

149 3798 399 3877 Aristophaneum
423 3799 636 3875 conscripsisse
659 3808 765 3875 putare
789 3817 864 3878 opus
887 3800 934 3858 sit.

237 3896 297 3956 lam
329 3904 444 3956 restant
476 3896 713 3973 quattuordecim
746 3897 926 3956 scholiorum
960 3894 1031 3974 loci,
1062 3891 1114 3952 ubi
1146 3890 1319 3969 Apollonius

98 3984 106 3993 ’
149 3993 277 4074 quidam,
301 4002 331 4053 et
354 4011 441 4073 unus,
465 3991 517 4053 uhi
534 3992 707 4072 Apollonius
726 3991 878 4053 Chaeridis
898 3997 1156 4051 commemoratur.
1194 3987 1251 4047 Diu
1269 3987 1319 4048 ille

148 4091 226 4150 idem
255 4110 320 4150 esse
348 4100 435 4170 atque
464 4091 513 4150 hic
536 4090 708 4170 putabatnr3
737 4091 789 4150 sed
813 4090 947 4150 funditus
977 4088 1053 4147 hanc
1077 4088 1247 4164 opinionem
1271 4104 1319 4145 ex·

148 4189 286 4267 stirpauit
309 4188 381 4266 Aug.
405 4188 486 4268 Blau‚
510 4188 546 4246 de
570 4187 733 4247 Aristarchi
757 4187 909 4266 discipulis
933 4207 960 4266 p.
984 4182 1027 4246 55
1051 4203 1094 4263 sq.
1135 4182 1223 4242 Hunc
1246 4181 1321 4242 nihil

148 4288 206 4344 nisi
225 4287 469 4345 commentarium
489 4287 520 4344 in
543 4285 663 4345 lliadem
688 4288 891 4364 composuisse
910 4285 994 4362 argui
1013 4291 1125 4362 potest3
1148 4289 1251 4340 contra
1270 4280 1318 4339 ille

149 4385 313 4443 certissime
337 4383 394 4442 luit
416 4384 442 4442 is
466 4392 689 4464 commentator,
713 4401 802 4462 quem
825 4386 883 4443 iam
907 4383 957 4442 dIu
981 4382 1204 4458 inuestigamus.
1245 4376 1319 4438 Nam
