2956 5092
581 377 802 442 -g5..

100 544 183 602 inter
212 559 339 619 quorum
368 559 526 601 numerum
554 545 642 602 etiam
670 540 875 621 Aristophanis
900 541 1039 618 magister
1062 538 1276 603 Eratosthenes

100 638 282 698 referendus
311 640 381 699 erit:
410 657 447 698 nc
470 639 525 699 hos
554 641 673 718 quidem
701 641 731 699 in
760 658 823 699 earn
853 640 1053 716 suspicionem
1080 639 1220 699 incidisse
1244 649 1277 700 ut

103 755 141 796 ex
168 734 434 821 Alexapdrinorum
458 739 718 814 grammaticorum
743 736 892 814 diligentia
922 742 951 794 et
982 735 1159 813 amplissima
1184 739 1275 815 scrip·

105 842 207 893 torum
232 834 335 893 notitia
355 833 440 892 facile
464 835 560 893 conici
583 842 691 914 potest,
715 835 754 894 ita
773 832 978 893 Eratosthenis
997 836 1116 893 nomine
1135 836 1165 892 in
1186 834 1276 894 661161.

102 951 133 991 u.
162 928 246 990 1194
275 940 394 990 66111616
423 930 646 1012 comprobatum
680 934 816 1009 quamuis
844 933 923 990 enim
954 949 1012 989 non
1044 950 1184 1009 expresse
1216 932 1276 992 illic

99 1029 209 1089 Plutus
228 1030 311 1106 prior
331 1036 558 1088 commemorata
579 1037 632 1108 est,
652 1037 750 1089 tamen
770 1047 868 1110 exea,
888 1047 976 1106 611661
991 1029 1176 1107 sequendum
1190 1029 1276 1090 nobis

103 1126 272 1206 uidebatur,
295 1129 541 1204 interpretatione
561 1147 598 1187 ne
617 1127 826 1206 obloquentem
851 1126 979 1207 quidem,
1002 1129 1020 1186 1.
1041 1145 1065 1187 6.
1090 1130 1275 1187 6666661166-

101 1233 164 1283 1661
188 1223 486 1301 deprehenderamus
535 1223 565 1284 Si
600 1228 677 1284 66161
701 1223 913 1284 Eratosthenes
936 1222 1054 1283 Plutum
1078 1227 1274 1302 posteriorem

102 1340 169 1381 csse
198 1323 378 1400 inuenisset,
406 1330 440 1381 ut
467 1320 567 1382 Nubes
595 1325 776 1403 posteriores
805 1338 870 1380 esse
898 1319 1043 1379 intellexit
1071 1315 1177 1402 (schol.
1201 1320 1271 1381 nub.

101 1415 192 1499 552),
221 1418 468 1497 quemadmodum
496 1421 561 1481 fieri
591 1423 724 1500 potuisse
748 1417 916 1498 616111661116,
939 1426 972 1477 111
994 1427 1095 1496 postea
1120 1421 1184 1478 eius
1208 1438 1273 1478 sen·

103 1519 209 1595 166116,
238 1534 294 1594 666
324 1525 444 1594 accepta
471 1519 686 1596 interpretibus
714 1517 788 1578 nihil
814 1514 1032 1594 inextricabile,
1060 1516 1132 1576 nibil
1155 1517 1274 1578 difficile

104 1613 245 1694 obstaret,
272 1633 332 1674 666
359 1614 446 1674 616116
470 1617 648 1698 16166161111,
675 1616 726 1676 6611
750 1633 786 1675 66
811 1614 898 1692 digna
922 1612 1040 1690 quidem
1065 1617 1214 1674 mentione
1238 1614 1274 1675 ab

105 1714 148 1772 eis
163 1712 333 1794 haberetur,
353 1715 403 1790 qui
419 1730 483 1772 eam
497 1710 695 1773 reiecissent?
719 1711 813 1782 Quam
831 1712 1007 1771 sententiam
1027 1712 1052 1770 si
1062 1709 1274 1772 Eratosthenes

104 1809 267 1890 habuisset,
290 1813 321 1869 in
346 1809 457 1869 scholio
484 1807 569 1871 1194
593 1829 683 1889 supra
707 1817 830 1870 tractato
855 1810 885 1867 in
904 1807 1106 1886 Lycophronis
1128 1812 1274 1871 sententia

103 1906 265 1967 refellenda
292 1925 390 1966 nonne
419 1905 459 1966 ibi
487 1910 617 1986 optimus
645 1908 741 1982 locus,
772 1913 938 1985 opportuna
966 1907 1081 1964 occasio
1115 1905 1181 1966 data
1209 1916 1273 1968 6161

104 2007 169 2064 6166
189 2004 463 2064 commemorandae
481 2023 514 2064 ac
534 2004 756 2066 demonstrandi
774 2002 998 2082 Lycophronem
1016 2011 1175 2081 propterea
1194 2023 1272 2064 erra-

103 2105 193 2183 uisse,
218 2105 286 2181 quia
309 2104 440 2180 priorem
464 2101 583 2162 Plutum
606 2103 705 2180 legere
730 2101 786 2161 sibi
810 2102 893 2160 uisus
918 2095 1020 2159 esset?

192 2199 237 2260 Vl.
271 2199 436 2259 Dolendum
460 2208 513 2280 661,
538 2199 616 2278 quod
638 2217 674 2257 ex
697 2198 839 2276 illouno,
864 2196 942 2274 quod
966 2196 1061 2255 adhuc
1085 2199 1272 2260 tractandum
1334 2216 1337 2225 ·

101 2305 208 2377 restat,
237 2296 349 2356 scholio
373 2315 401 2357 u.
425 2292 490 2357 385
514 2298 625 2356 certius
653 2296 726 2355 nihil
754 2295 832 2354 ellici
860 2301 966 2372 potest.
1018 2293 1050 2353 Si
1073 2297 1151 2354 enim
1175 2298 1205 2356 in
1230 2298 1272 2357 di·

102 2395 238 2456 dascaliis
271 2394 312 2454 ibi
349 2395 586 2454 commemoratis
619 2411 652 2452 66
686 2395 818 2472 exposita
853 2392 944 2450 fuisse
978 2391 1175 2452 demonstrari
1213 2394 1271 2454 ullo

102 2493 190 2553 modo
210 2501 320 2572 posset,
339 2510 413 2570 quae
433 2499 501 2569 post
520 2509 569 2550 666
588 2489 719 2550 1611116166
739 2497 914 2569 66661161111,
934 2507 1028 2567 666116
1048 2489 1082 2548 611
1104 2489 1272 2551 Callimachi

101 2599 234 2668 tempora
255 2591 505 2669 peruenissemus,
530 2588 582 2648 sed
602 2587 686 2647 aliam
706 2587 741 2646 de
761 2586 847 2646 Pluto
867 2588 1043 2646 sententiam
1063 2605 1122 2646 666
1142 2589 1271 2648 inuenis-

104 2705 216 2748 semus.
253 2687 310 2746 Sed
335 2688 460 2747 fortasse
485 2685 618 2764 suppleri
641 2684 696 2744 alio
716 2685 802 2744 modo
821 2691 956 2764 possunt,
981 2703 1055 2763 6666
1074 2703 1154 2745 6666
1173 2689 1271 2763 requi·

99 2794 218 2846 runtur.
260 2783 393 2858 Vidimus
413 2785 490 2844 enim
510 2782 736 2863 Aristophanem
756 2780 927 2860 Byzantium
946 2784 1077 2860 priorem
1097 2782 1157 2859 61111
1172 2782 1270 2862 legere

99 2885 200 2948 uisum
229 2900 294 2942 esse
323 2881 401 2941 Pluti
435 2880 570 2941 labulam,
616 2879 705 2959 Atqui
733 2897 802 2938 eum
834 2888 950 2940 constat
977 2882 1040 2940 siue
1074 2881 1271 2942 additamenta

100 2983 167 3041 siue
196 2980 364 3039 aduersaria
389 2981 418 3038 in
444 2978 611 3039 Callimachi
634 2977 748 3038 tabulas
772 2969 942 3059 (πίνακας)
972 2980 1127 3056 scripsisse
1151 2972 1271 3060 (Athen.

98 3079 150 3140 lib.
174 3077 214 3137 111
244 3075 309 3139 408
324 3077 355 3136 F.
384 3075 448 3134 Vlll
472 3073 536 3136 336
556 3069 608 3159 E),
637 3074 745 3154 quibus
768 3073 876 3133 tabulis
900 3077 987 3135 etiam
1011 3076 1185 3136 didascaliae
1204 3076 1271 3136 illae

99 3176 331 3236 continebantur
358 3169 536 3254 (Etymolog.
559 3172 595 3232 tt.
621 3191 642 3233 6.
667 3193 691 3234 v.
716 3167 873 3254 πίνακες).
914 3172 1045 3232 11666161
1072 3176 1175 3252 igitur,
1204 3193 1270 3253 per·

100 3281 228 3334 nouerat
250 3272 460 3350 Aristophanes
484 3270 653 3330 Callimachi
684 3272 802 3348 scripta.
845 3269 926 3340 Quae
951 3288 1019 3329 cum
1043 3273 1082 3330 ita
1107 3274 1175 3353 6161,
1200 3291 1271 3332 6661

100 3373 222 3430 6616166
247 3368 387 3429 credibile
411 3377 465 3446 661,
489 3367 697 3428 Callimachum
716 3385 789 3447 eam,
813 3385 888 3446 quae
912 3375 1065 3445 superstes
1090 3377 1178 3449 66661,
1204 3369 1270 3430 Ρ111-

98 3478 164 3528 11161
188 3466 315 3527 fabulam
340 3468 404 3526 eius
428 3467 555 3525 nominis
575 3483 640 3525 esse
658 3467 864 3545 posteriorem,
888 3464 1115 3542 Aristophanem
1138 3469 1269 3544 priorem

98 3561 269 3626 iudicasse?
311 3562 372 3624 Η66
396 3563 538 3624 accidisse
561 3571 624 3623 tum
650 3562 818 3641 concedam,
842 3561 894 3622 ubi
913 3563 979 3640 quis
1003 3561 1075 3620 mihi
1094 3563 1158 3622 lieri
1182 3582 1269 3642 posse

98 3661 281 3743 probauerit,
300 3670 333 3721 ut
347 3670 505 3739 postquam
525 3660 616 3720 semel
634 3677 706 3720 uera
725 3662 845 3720 inuenta
869 3667 947 3741 sunt,
971 3659 1148 3738 quibuscum
1173 3665 1270 3722 omnia

99 3768 282 3841 congruunt,
320 3777 353 3818 ea
391 3758 427 3818 ab
459 3756 705 3836 Aristophanibus
737 3756 883 3836 Byzantiis
915 3759 946 3816 in
978 3756 1171 3817 dissimillima
1206 3762 1271 3820 ueri

99 3865 263 3937 mutentur,
287 3856 394 3935 quibus
418 3874 549 3916 summae
574 3855 762 3916 dilticultatcs
785 3854 912 3915 61161661.

189 3954 248 4015 Vll.
284 3954 387 4014 Adhuc
416 3973 493 4014 unus
522 3962 613 4014 restat
640 3952 844 4032 Aristophanis
872 3954 1035 4031 interpres,
1068 3953 1116 4010 cui
1144 3951 1269 4015 tortasse

99 4055 214 4114 auctori
237 4059 318 4112 totus
341 4051 390 4112 hic
414 4052 450 4112 de
468 4051 555 4110 Pluto
579 4053 678 4128 priore
703 4070 787 4111 error
810 4049 987 4111 tribuendus
1006 4058 1060 4129 est,
1084 4048 1269 4132 Lycophron,

101 4169 190 4227 quem
210 4168 267 4210 una
296 4167 363 4209 cum
387 4148 551 4209 Alexandro
575 4148 677 4208 Aetolo
706 4147 833 4208 Graecae
862 4149 934 4207 artis
961 4148 1095 4225 poeticos
1123 4146 1215 4207 libros
1235 4131 1269 4208 in

101 4266 194 4307 unum
217 4247 371 4326 collegisse
394 4249 473 4306 etin
497 4245 630 4304 ordinem
651 4245 801 4323 redegisse
825 4248 864 4306 ita
884 4252 1000 4305 constat
1018 4263 1034 4304 6
1054 4244 1164 4305 scholio
1184 4246 1268 4306 Plau·

99 4347 161 4404 tino
190 4364 235 4424 ap.
258 4344 372 4404 Duebn.
397 4343 431 4425 X,
455 4363 470 4404 a
493 4363 522 4422 p.
546 4341 636 4416 xxu,
664 4351 698 4403 ut
726 4345 791 4420 ipse
815 4343 981 4403 comoedias
1005 4342 1181 4403 ordinandas
1205 4361 1268 4404 sus-

99 4443 221 4521 ciperet.
264 4439 373 4502 Contra
397 4443 423 4500 si
441 4441 489 4501 hic
514 4443 612 4501 statim
633 4440 668 4500 ab
687 4441 771 4501 initio
790 4439 910 4501 Plutum
928 4459 973 4522 66,
992 4459 1051 4520 666
1070 4439 1181 4523 debuit,
1204 4441 1269 4502 loco
