<?xml version="1.0" encoding="UTF-8"?>
<!DOCTYPE html PUBLIC "-//W3C//DTD XHTML 1.0 Transitional//EN"
    "http://www.w3.org/TR/xhtml1/DTD/xhtml1-transitional.dtd">
<html xmlns="http://www.w3.org/1999/xhtml" xml:lang="en" lang="en">
 <head>
  <title>
</title>
<meta http-equiv="Content-Type" content="text/html;charset=utf-8" />
  <meta name='ocr-system' content='tesseract 3.04.00' />
  <meta name='ocr-capabilities' content='ocr_page ocr_carea ocr_par ocr_line ocrx_word'/>
</head>
<body>
  <div class='ocr_page' id='page_1' title='image "./plutiaristophan01ludwgoog_0037.png"; bbox 0 0 2956 5092; ppageno 0'>
   <div class='ocr_carea' id='block_1_1' title="bbox 676 333 893 396">
    <p class='ocr_par' dir='ltr' id='par_1_1' title="bbox 676 333 893 396">
     <span class='ocr_line' id='line_1_1' title="bbox 676 333 893 396; baseline -0.009 -17"><span class='ocrx_word' id='word_1_1' title='bbox 676 333 893 396; x_wconf 72' lang='lat' dir='ltr'>..gg-</span> 
     </span>
    </p>
   </div>
   <div class='ocr_carea' id='block_1_2' title="bbox 198 492 1388 4479">
    <p class='ocr_par' dir='ltr' id='par_1_2' title="bbox 198 492 1380 1743">
     <span class='ocr_line' id='line_1_2' title="bbox 199 492 1374 576; baseline -0.002 -18"><span class='ocrx_word' id='word_1_2' title='bbox 199 516 257 576; x_wconf 90' lang='lat' dir='ltr'><strong>que</strong></span> <span class='ocrx_word' id='word_1_3' title='bbox 287 505 408 558; x_wconf 91' lang='lat' dir='ltr'><strong>auctore</strong></span> <span class='ocrx_word' id='word_1_4' title='bbox 439 497 605 573; x_wconf 88' lang='lat' dir='ltr'><strong>conscripta</strong></span> <span class='ocrx_word' id='word_1_5' title='bbox 635 496 702 553; x_wconf 90' lang='lat' dir='ltr'><strong>siut.</strong></span> <span class='ocrx_word' id='word_1_6' title='bbox 750 492 799 553; x_wconf 89' lang='lat' dir='ltr'><strong>Sic</strong></span> <span class='ocrx_word' id='word_1_7' title='bbox 829 497 906 554; x_wconf 92' lang='lat' dir='ltr'><strong>enim</strong></span> <span class='ocrx_word' id='word_1_8' title='bbox 931 497 995 554; x_wconf 91' lang='lat' dir='ltr'><strong>sine</strong></span> <span class='ocrx_word' id='word_1_9' title='bbox 1019 494 1108 554; x_wconf 92' lang='lat' dir='ltr'><strong>dubio</strong></span> <span class='ocrx_word' id='word_1_10' title='bbox 1132 495 1302 573; x_wconf 86' lang='lat' dir='ltr'><strong>explicanda</strong></span> <span class='ocrx_word' id='word_1_11' title='bbox 1326 504 1374 556; x_wconf 91' lang='lat' dir='ltr'><strong>est</strong></span> 
     </span>
     <span class='ocr_line' id='line_1_3' title="bbox 198 581 1375 674; baseline 0.001 -19"><span class='ocrx_word' id='word_1_12' title='bbox 198 595 246 655; x_wconf 92' lang='lat' dir='ltr'><strong>illa</strong></span> <span class='ocrx_word' id='word_1_13' title='bbox 274 593 431 674; x_wconf 89' lang='lat' dir='ltr'><strong>particula:</strong></span> <span class='ocrx_word' id='word_1_14' title='bbox 461 589 511 652; x_wconf 73' lang='lat' dir='ltr'><strong>‘ut</strong></span> <span class='ocrx_word' id='word_1_15' title='bbox 539 611 647 652; x_wconf 90' lang='lat' dir='ltr'><strong>uersus</strong></span> <span class='ocrx_word' id='word_1_16' title='bbox 672 587 736 652; x_wconf 82' lang='lat'><strong>115</strong></span> <span class='ocrx_word' id='word_1_17' title='bbox 763 599 886 672; x_wconf 92' lang='lat' dir='ltr'><strong>propter</strong></span> <span class='ocrx_word' id='word_1_18' title='bbox 915 581 1111 673; x_wconf 74' lang='grc' dir='ltr'><strong><em>ὀφθαλμίαν</em></strong></span> <span class='ocrx_word' id='word_1_19' title='bbox 1139 612 1244 653; x_wconf 92' lang='lat' dir='ltr'><strong>uocem</strong></span> <span class='ocrx_word' id='word_1_20' title='bbox 1272 597 1375 674; x_wconf 87' lang='lat' dir='ltr'><strong>siugu-</strong></span> 
     </span>
     <span class='ocr_line' id='line_1_4' title="bbox 198 689 1375 770; baseline 0 -18"><span class='ocrx_word' id='word_1_21' title='bbox 198 693 299 753; x_wconf 91' lang='lat' dir='ltr'><strong>lariter</strong></span> <span class='ocrx_word' id='word_1_22' title='bbox 327 693 454 770; x_wconf 86' lang='lat' dir='ltr'><strong>positam</strong></span> <span class='ocrx_word' id='word_1_23' title='bbox 482 708 497 748; x_wconf 92' lang='lat' dir='ltr'><strong>a</strong></span> <span class='ocrx_word' id='word_1_24' title='bbox 525 699 612 768; x_wconf 88' lang='lat' dir='ltr'><strong>poeta</strong></span> <span class='ocrx_word' id='word_1_25' title='bbox 642 696 840 749; x_wconf 90' lang='lat' dir='ltr'><strong>commutatus</strong></span> <span class='ocrx_word' id='word_1_26' title='bbox 869 697 928 769; x_wconf 90' lang='lat' dir='ltr'><strong>est,</strong></span> <span class='ocrx_word' id='word_1_27' title='bbox 961 691 1003 748; x_wconf 92' lang='lat' dir='ltr'><strong>sic</strong></span> <span class='ocrx_word' id='word_1_28' title='bbox 1035 689 1084 749; x_wconf 89' lang='lat' dir='ltr'><strong>hio</strong></span> <span class='ocrx_word' id='word_1_29' title='bbox 1116 709 1235 769; x_wconf 90' lang='lat' dir='ltr'><strong>quoque</strong></span> <span class='ocrx_word' id='word_1_30' title='bbox 1264 710 1375 752; x_wconf 92' lang='lat' dir='ltr'><strong>uersus</strong></span> 
     </span>
     <span class='ocr_line' id='line_1_5' title="bbox 201 786 1375 869; baseline 0 -19"><span class='ocrx_word' id='word_1_31' title='bbox 201 797 324 869; x_wconf 91' lang='lat' dir='ltr'><strong>propter</strong></span> <span class='ocrx_word' id='word_1_32' title='bbox 348 789 449 847; x_wconf 91' lang='lat' dir='ltr'><strong>nescio</strong></span> <span class='ocrx_word' id='word_1_33' title='bbox 474 805 561 865; x_wconf 92' lang='lat' dir='ltr'><strong>quam</strong></span> <span class='ocrx_word' id='word_1_34' title='bbox 585 805 704 846; x_wconf 89' lang='lat' dir='ltr'><strong>causam</strong></span> <span class='ocrx_word' id='word_1_35' title='bbox 728 789 758 846; x_wconf 94' lang='lat' dir='ltr'><strong>in</strong></span> <span class='ocrx_word' id='word_1_36' title='bbox 782 787 873 847; x_wconf 88' lang='lat' dir='ltr'><strong>altera</strong></span> <span class='ocrx_word' id='word_1_37' title='bbox 892 786 971 846; x_wconf 94' lang='lat' dir='ltr'><strong>Pluti</strong></span> <span class='ocrx_word' id='word_1_38' title='bbox 996 787 1125 847; x_wconf 83' lang='lat' dir='ltr'><strong>editione</strong></span> <span class='ocrx_word' id='word_1_39' title='bbox 1144 789 1375 850; x_wconf 79' lang='lat' dir='ltr'><strong>transformatus</strong></span> 
     </span>
     <span class='ocr_line' id='line_1_6' title="bbox 199 882 1376 964; baseline 0 -17"><span class='ocrx_word' id='word_1_40' title='bbox 199 882 269 948; x_wconf 88' lang='lat' dir='ltr'><strong>est’</strong></span> <span class='ocrx_word' id='word_1_41' title='bbox 322 885 415 945; x_wconf 80' lang='lat' dir='ltr'><strong>Aliam</strong></span> <span class='ocrx_word' id='word_1_42' title='bbox 448 884 526 945; x_wconf 91' lang='lat' dir='ltr'><strong>illius</strong></span> <span class='ocrx_word' id='word_1_43' title='bbox 557 883 720 962; x_wconf 82' lang='lat' dir='ltr'><strong>particulae</strong></span> <span class='ocrx_word' id='word_1_44' title='bbox 753 883 811 944; x_wconf 85' lang='grc' dir='ltr'><strong>καί</strong></span> <span class='ocrx_word' id='word_1_45' title='bbox 840 886 1021 963; x_wconf 85' lang='lat' dir='ltr'><strong>inuestigare</strong></span> <span class='ocrx_word' id='word_1_46' title='bbox 1054 885 1280 964; x_wconf 79' lang='lat' dir='ltr'><strong>explicationem</strong></span> <span class='ocrx_word' id='word_1_47' title='bbox 1313 906 1376 947; x_wconf 91' lang='lat' dir='ltr'><strong>nou</strong></span> 
     </span>
     <span class='ocr_line' id='line_1_7' title="bbox 198 981 1380 1065; baseline 0.002 -21"><span class='ocrx_word' id='word_1_48' title='bbox 198 987 296 1065; x_wconf 89' lang='lat' dir='ltr'><strong>potui;</strong></span> <span class='ocrx_word' id='word_1_49' title='bbox 319 982 423 1063; x_wconf 90' lang='lat' dir='ltr'><strong>procul</strong></span> <span class='ocrx_word' id='word_1_50' title='bbox 449 984 538 1061; x_wconf 93' lang='lat' dir='ltr'><strong>enim,</strong></span> <span class='ocrx_word' id='word_1_51' title='bbox 561 981 666 1059; x_wconf 93' lang='lat' dir='ltr'><strong>procul</strong></span> <span class='ocrx_word' id='word_1_52' title='bbox 690 981 762 1041; x_wconf 91' lang='lat' dir='ltr'><strong>illud</strong></span> <span class='ocrx_word' id='word_1_53' title='bbox 782 981 975 1062; x_wconf 83' lang='lat' dir='ltr'><strong>reiciendum,</strong></span> <span class='ocrx_word' id='word_1_54' title='bbox 999 992 1032 1042; x_wconf 94' lang='lat' dir='ltr'><strong>ut</strong></span> <span class='ocrx_word' id='word_1_55' title='bbox 1056 986 1295 1044; x_wconf 89' lang='lat' dir='ltr'><strong>coniunctionem</strong></span> <span class='ocrx_word' id='word_1_56' title='bbox 1317 985 1380 1046; x_wconf 85' lang='grc' dir='ltr'><strong>καί</strong></span> 
     </span>
     <span class='ocr_line' id='line_1_8' title="bbox 198 1077 1375 1160; baseline 0.002 -19"><span class='ocrx_word' id='word_1_57' title='bbox 198 1082 255 1142; x_wconf 91' lang='lat' dir='ltr'><strong>hoc</strong></span> <span class='ocrx_word' id='word_1_58' title='bbox 283 1081 347 1141; x_wconf 90' lang='lat' dir='ltr'><strong>loco</strong></span> <span class='ocrx_word' id='word_1_59' title='bbox 377 1083 449 1140; x_wconf 89' lang='lat' dir='ltr'><strong>item</strong></span> <span class='ocrx_word' id='word_1_60' title='bbox 477 1077 680 1156; x_wconf 83' lang='lat' dir='ltr'><strong>explicandam</strong></span> <span class='ocrx_word' id='word_1_61' title='bbox 709 1098 774 1139; x_wconf 92' lang='lat' dir='ltr'><strong>esse</strong></span> <span class='ocrx_word' id='word_1_62' title='bbox 803 1087 942 1158; x_wconf 90' lang='lat' dir='ltr'><strong>putemus</strong></span> <span class='ocrx_word' id='word_1_63' title='bbox 972 1089 1059 1159; x_wconf 91' lang='lat' dir='ltr'><strong>atque</strong></span> <span class='ocrx_word' id='word_1_64' title='bbox 1083 1083 1113 1140; x_wconf 94' lang='lat' dir='ltr'><strong>in</strong></span> <span class='ocrx_word' id='word_1_65' title='bbox 1138 1084 1236 1160; x_wconf 91' lang='lat' dir='ltr'><strong>priore</strong></span> <span class='ocrx_word' id='word_1_66' title='bbox 1261 1082 1375 1143; x_wconf 90' lang='lat' dir='ltr'><strong>scholio</strong></span> 
     </span>
     <span class='ocr_line' id='line_1_9' title="bbox 201 1168 1375 1263; baseline 0.002 -25"><span class='ocrx_word' id='word_1_67' title='bbox 201 1178 324 1238; x_wconf 89' lang='lat' dir='ltr'><strong>eandem</strong></span> <span class='ocrx_word' id='word_1_68' title='bbox 351 1175 526 1256; x_wconf 90' lang='lat' dir='ltr'><strong>particulam</strong></span> <span class='ocrx_word' id='word_1_69' title='bbox 554 1186 623 1253; x_wconf 91' lang='lat' dir='ltr'><strong>post</strong></span> <span class='ocrx_word' id='word_1_70' title='bbox 652 1168 706 1236; x_wconf 79' lang='lat' dir='ltr'><strong>ded</strong></span> <span class='ocrx_word' id='word_1_71' title='bbox 731 1176 915 1238; x_wconf 91' lang='lat' dir='ltr'><strong>collocatam:</strong></span> <span class='ocrx_word' id='word_1_72' title='bbox 944 1169 996 1237; x_wconf 77' lang='lat' dir='ltr'><strong>ded</strong></span> <span class='ocrx_word' id='word_1_73' title='bbox 1021 1171 1076 1237; x_wconf 84' lang='grc' dir='ltr'><strong>παλ</strong></span> <span class='ocrx_word' id='word_1_74' title='bbox 1101 1173 1137 1238; x_wconf 82' lang='grc' dir='ltr'><strong>ἐν</strong></span> <span class='ocrx_word' id='word_1_75' title='bbox 1160 1176 1205 1263; x_wconf 78' lang='grc' dir='ltr'><strong>τῷ</strong></span> <span class='ocrx_word' id='word_1_76' title='bbox 1229 1173 1375 1260; x_wconf 78' lang='grc' dir='ltr'><em>δευτέρῳ</em></span> 
     </span>
     <span class='ocr_line' id='line_1_10' title="bbox 200 1273 1377 1357; baseline 0.002 -21"><span class='ocrx_word' id='word_1_77' title='bbox 200 1274 469 1357; x_wconf 74' lang='grc' dir='ltr'><strong><em>μεταπεποίηταιτ</em></strong></span> <span class='ocrx_word' id='word_1_78' title='bbox 493 1273 550 1333; x_wconf 93' lang='lat' dir='ltr'><strong>hoc</strong></span> <span class='ocrx_word' id='word_1_79' title='bbox 570 1273 619 1334; x_wconf 94' lang='lat' dir='ltr'><strong>uel</strong></span> <span class='ocrx_word' id='word_1_80' title='bbox 642 1276 705 1354; x_wconf 91' lang='lat' dir='ltr'><strong>ipse</strong></span> <span class='ocrx_word' id='word_1_81' title='bbox 729 1273 892 1335; x_wconf 89' lang='lat' dir='ltr'><strong>uerborum</strong></span> <span class='ocrx_word' id='word_1_82' title='bbox 916 1275 988 1334; x_wconf 91' lang='lat' dir='ltr'><strong>ordo</strong></span> <span class='ocrx_word' id='word_1_83' title='bbox 1012 1275 1159 1354; x_wconf 89' lang='lat' dir='ltr'><strong>prohibet.</strong></span> <span class='ocrx_word' id='word_1_84' title='bbox 1195 1276 1259 1336; x_wconf 90' lang='lat' dir='ltr'><strong>Nisi</strong></span> <span class='ocrx_word' id='word_1_85' title='bbox 1281 1279 1377 1356; x_wconf 82' lang='lat' dir='ltr'><strong>igitur</strong></span> 
     </span>
     <span class='ocr_line' id='line_1_11' title="bbox 201 1371 1378 1453; baseline 0.001 -19"><span class='ocrx_word' id='word_1_86' title='bbox 201 1374 237 1434; x_wconf 90' lang='lat' dir='ltr'><strong>de</strong></span> <span class='ocrx_word' id='word_1_87' title='bbox 265 1373 355 1433; x_wconf 92' lang='lat' dir='ltr'><strong>huius</strong></span> <span class='ocrx_word' id='word_1_88' title='bbox 384 1371 548 1450; x_wconf 88' lang='lat' dir='ltr'><strong>particulae</strong></span> <span class='ocrx_word' id='word_1_89' title='bbox 577 1371 771 1450; x_wconf 83' lang='lat' dir='ltr'><strong>explicatione</strong></span> <span class='ocrx_word' id='word_1_90' title='bbox 800 1371 945 1432; x_wconf 91' lang='lat' dir='ltr'><strong>desistere</strong></span> <span class='ocrx_word' id='word_1_91' title='bbox 974 1373 1192 1453; x_wconf 92' lang='lat' dir='ltr'><strong>desperareque</strong></span> <span class='ocrx_word' id='word_1_92' title='bbox 1224 1373 1310 1434; x_wconf 89' lang='lat' dir='ltr'><strong>nobis</strong></span> <span class='ocrx_word' id='word_1_93' title='bbox 1344 1378 1378 1435; x_wconf 91' lang='lat' dir='ltr'><strong>iu</strong></span> 
     </span>
     <span class='ocr_line' id='line_1_12' title="bbox 202 1469 1377 1550; baseline 0.001 -19"><span class='ocrx_word' id='word_1_94' title='bbox 202 1474 299 1532; x_wconf 94' lang='lat' dir='ltr'><strong>animo</strong></span> <span class='ocrx_word' id='word_1_95' title='bbox 319 1479 373 1545; x_wconf 88' lang='lat' dir='ltr'><strong>est,</strong></span> <span class='ocrx_word' id='word_1_96' title='bbox 397 1469 471 1529; x_wconf 90' lang='lat' dir='ltr'><strong>nihil</strong></span> <span class='ocrx_word' id='word_1_97' title='bbox 489 1469 670 1548; x_wconf 86' lang='lat' dir='ltr'><strong>relinquitur</strong></span> <span class='ocrx_word' id='word_1_98' title='bbox 693 1471 752 1528; x_wconf 91' lang='lat' dir='ltr'><strong>nisi</strong></span> <span class='ocrx_word' id='word_1_99' title='bbox 772 1477 806 1529; x_wconf 93' lang='lat' dir='ltr'><strong>ut</strong></span> <span class='ocrx_word' id='word_1_100' title='bbox 825 1470 1012 1530; x_wconf 90' lang='lat' dir='ltr'><strong>scholiastam</strong></span> <span class='ocrx_word' id='word_1_101' title='bbox 1032 1489 1085 1550; x_wconf 91' lang='lat' dir='ltr'><strong>per</strong></span> <span class='ocrx_word' id='word_1_102' title='bbox 1105 1490 1169 1531; x_wconf 93' lang='lat' dir='ltr'><strong>eam</strong></span> <span class='ocrx_word' id='word_1_103' title='bbox 1188 1471 1223 1532; x_wconf 95' lang='lat' dir='ltr'><strong>ad</strong></span> <span class='ocrx_word' id='word_1_104' title='bbox 1242 1474 1377 1550; x_wconf 91' lang='lat' dir='ltr'><strong>priorem</strong></span> 
     </span>
     <span class='ocr_line' id='line_1_13' title="bbox 202 1565 1378 1650; baseline 0.001 -21"><span class='ocrx_word' id='word_1_105' title='bbox 202 1569 421 1629; x_wconf 89' lang='lat' dir='ltr'><strong>adnotationem</strong></span> <span class='ocrx_word' id='word_1_106' title='bbox 440 1567 568 1627; x_wconf 90' lang='lat' dir='ltr'><strong>lectores</strong></span> <span class='ocrx_word' id='word_1_107' title='bbox 587 1566 719 1645; x_wconf 82' lang='lat' dir='ltr'><strong>relegare</strong></span> <span class='ocrx_word' id='word_1_108' title='bbox 739 1565 869 1627; x_wconf 90' lang='lat' dir='ltr'><strong>uoluisse</strong></span> <span class='ocrx_word' id='word_1_109' title='bbox 889 1577 1028 1646; x_wconf 90' lang='lat' dir='ltr'><strong>putemus</strong></span> <span class='ocrx_word' id='word_1_110' title='bbox 1053 1577 1083 1629; x_wconf 92' lang='lat' dir='ltr'><strong>et</strong></span> <span class='ocrx_word' id='word_1_111' title='bbox 1106 1577 1266 1650; x_wconf 89' lang='lat' dir='ltr'><strong>utrumque</strong></span> <span class='ocrx_word' id='word_1_112' title='bbox 1290 1570 1378 1630; x_wconf 92' lang='lat' dir='ltr'><strong>scho-</strong></span> 
     </span>
     <span class='ocr_line' id='line_1_14' title="bbox 202 1664 1099 1743; baseline 0 -17"><span class='ocrx_word' id='word_1_113' title='bbox 202 1667 273 1726; x_wconf 91' lang='lat' dir='ltr'><strong>lium</strong></span> <span class='ocrx_word' id='word_1_114' title='bbox 298 1664 333 1725; x_wconf 89' lang='lat' dir='ltr'><strong>ab</strong></span> <span class='ocrx_word' id='word_1_115' title='bbox 358 1664 461 1725; x_wconf 90' lang='lat' dir='ltr'><strong>eodem</strong></span> <span class='ocrx_word' id='word_1_116' title='bbox 486 1672 607 1724; x_wconf 89' lang='lat' dir='ltr'><strong>auctore</strong></span> <span class='ocrx_word' id='word_1_117' title='bbox 631 1665 798 1743; x_wconf 82' lang='lat' dir='ltr'><strong>profectum</strong></span> <span class='ocrx_word' id='word_1_118' title='bbox 823 1683 887 1725; x_wconf 93' lang='lat' dir='ltr'><strong>esse</strong></span> <span class='ocrx_word' id='word_1_119' title='bbox 912 1666 1099 1726; x_wconf 86' lang='lat' dir='ltr'><strong>arbitremur.</strong></span> 
     </span>
    </p>

    <p class='ocr_par' dir='ltr' id='par_1_3' title="bbox 204 1760 1379 1922">
     <span class='ocr_line' id='line_1_15' title="bbox 292 1760 1379 1844; baseline 0.001 -20"><span class='ocrx_word' id='word_1_120' title='bbox 292 1763 322 1840; x_wconf 65' lang='grc' dir='ltr'><strong>ἕ.</strong></span> <span class='ocrx_word' id='word_1_121' title='bbox 343 1760 394 1824; x_wconf 87' lang='grc'><strong>10.</strong></span> <span class='ocrx_word' id='word_1_122' title='bbox 422 1762 476 1822; x_wconf 89' lang='lat' dir='ltr'><strong>llis</strong></span> <span class='ocrx_word' id='word_1_123' title='bbox 499 1764 670 1840; x_wconf 89' lang='lat' dir='ltr'><strong>praemissis</strong></span> <span class='ocrx_word' id='word_1_124' title='bbox 695 1761 857 1843; x_wconf 91' lang='lat' dir='ltr'><strong>uideamus,</strong></span> <span class='ocrx_word' id='word_1_125' title='bbox 882 1765 950 1842; x_wconf 93' lang='lat' dir='ltr'><strong>quid</strong></span> <span class='ocrx_word' id='word_1_126' title='bbox 971 1763 1006 1824; x_wconf 93' lang='lat' dir='ltr'><strong>de</strong></span> <span class='ocrx_word' id='word_1_127' title='bbox 1027 1772 1154 1844; x_wconf 92' lang='lat' dir='ltr'><strong>utroque</strong></span> <span class='ocrx_word' id='word_1_128' title='bbox 1175 1764 1288 1825; x_wconf 88' lang='lat' dir='ltr'><strong>scholio</strong></span> <span class='ocrx_word' id='word_1_129' title='bbox 1307 1784 1379 1826; x_wconf 91' lang='lat' dir='ltr'><strong>cen-</strong></span> 
     </span>
     <span class='ocr_line' id='line_1_16' title="bbox 204 1859 400 1922; baseline -0.01 0"><span class='ocrx_word' id='word_1_130' title='bbox 204 1859 330 1922; x_wconf 92' lang='lat' dir='ltr'><strong>sendum</strong></span> <span class='ocrx_word' id='word_1_131' title='bbox 353 1863 400 1921; x_wconf 92' lang='lat' dir='ltr'><strong>sit.</strong></span> 
     </span>
    </p>

    <p class='ocr_par' dir='ltr' id='par_1_4' title="bbox 204 1957 1383 3403">
     <span class='ocr_line' id='line_1_17' title="bbox 292 1957 1379 2043; baseline 0.006 -27"><span class='ocrx_word' id='word_1_132' title='bbox 292 1957 312 2018; x_wconf 91' lang='lat' dir='ltr'><strong>l.</strong></span> <span class='ocrx_word' id='word_1_133' title='bbox 347 1958 442 2036; x_wconf 78' lang='lat' dir='ltr'><strong>Atque</strong></span> <span class='ocrx_word' id='word_1_134' title='bbox 476 1959 605 2036; x_wconf 91' lang='lat' dir='ltr'><strong>primum</strong></span> <span class='ocrx_word' id='word_1_135' title='bbox 633 1958 859 2040; x_wconf 83' lang='lat' dir='ltr'><strong>aliquantisper,</strong></span> <span class='ocrx_word' id='word_1_136' title='bbox 893 1959 923 2018; x_wconf 93' lang='lat' dir='ltr'><strong>id</strong></span> <span class='ocrx_word' id='word_1_137' title='bbox 952 1960 1030 2038; x_wconf 94' lang='lat' dir='ltr'><strong>quod</strong></span> <span class='ocrx_word' id='word_1_138' title='bbox 1060 1968 1292 2021; x_wconf 90' lang='lat' dir='ltr'><strong>consentaneum</strong></span> <span class='ocrx_word' id='word_1_139' title='bbox 1319 1970 1379 2043; x_wconf 84' lang='lat' dir='ltr'><strong>est,</strong></span> 
     </span>
     <span class='ocr_line' id='line_1_18' title="bbox 204 2055 1381 2138; baseline 0.004 -23"><span class='ocrx_word' id='word_1_140' title='bbox 204 2056 292 2116; x_wconf 88' lang='lat' dir='ltr'><strong>fidem</strong></span> <span class='ocrx_word' id='word_1_141' title='bbox 317 2057 344 2114; x_wconf 92' lang='lat' dir='ltr'><strong>ei</strong></span> <span class='ocrx_word' id='word_1_142' title='bbox 367 2055 533 2115; x_wconf 90' lang='lat' dir='ltr'><strong>tribuamus</strong></span> <span class='ocrx_word' id='word_1_143' title='bbox 558 2064 587 2115; x_wconf 90' lang='lat' dir='ltr'><strong>et</strong></span> <span class='ocrx_word' id='word_1_144' title='bbox 611 2074 815 2134; x_wconf 90' lang='lat' dir='ltr'><strong>quaecumque</strong></span> <span class='ocrx_word' id='word_1_145' title='bbox 839 2076 873 2116; x_wconf 93' lang='lat' dir='ltr'><strong>eo</strong></span> <span class='ocrx_word' id='word_1_146' title='bbox 898 2060 1104 2138; x_wconf 90' lang='lat' dir='ltr'><strong>continentur,</strong></span> <span class='ocrx_word' id='word_1_147' title='bbox 1133 2078 1204 2119; x_wconf 91' lang='lat' dir='ltr'><strong>uera</strong></span> <span class='ocrx_word' id='word_1_148' title='bbox 1233 2078 1299 2119; x_wconf 92' lang='lat' dir='ltr'><strong>esse</strong></span> <span class='ocrx_word' id='word_1_149' title='bbox 1323 2061 1381 2121; x_wconf 84' lang='lat' dir='ltr'><strong>fin·</strong></span> 
     </span>
     <span class='ocr_line' id='line_1_19' title="bbox 204 2153 1381 2236; baseline 0.004 -23"><span class='ocrx_word' id='word_1_150' title='bbox 204 2173 321 2234; x_wconf 86' lang='lat' dir='ltr'><strong>gamus,</strong></span> <span class='ocrx_word' id='word_1_151' title='bbox 352 2153 429 2232; x_wconf 92' lang='lat' dir='ltr'><strong>quod</strong></span> <span class='ocrx_word' id='word_1_152' title='bbox 454 2155 479 2213; x_wconf 91' lang='lat' dir='ltr'><strong>si</strong></span> <span class='ocrx_word' id='word_1_153' title='bbox 504 2155 569 2213; x_wconf 92' lang='lat' dir='ltr'><strong>iure</strong></span> <span class='ocrx_word' id='word_1_154' title='bbox 594 2153 768 2234; x_wconf 80' lang='lat' dir='ltr'><strong>fecerimus,</strong></span> <span class='ocrx_word' id='word_1_155' title='bbox 792 2154 880 2214; x_wconf 94' lang='lat' dir='ltr'><strong>nullis</strong></span> <span class='ocrx_word' id='word_1_156' title='bbox 908 2155 1132 2217; x_wconf 86' lang='lat' dir='ltr'><strong>difficultatibus</strong></span> <span class='ocrx_word' id='word_1_157' title='bbox 1159 2156 1381 2236; x_wconf 89' lang='lat' dir='ltr'><strong>implicabimur</strong></span> 
     </span>
     <span class='ocr_line' id='line_1_20' title="bbox 206 2251 1379 2333; baseline 0.003 -21"><span class='ocrx_word' id='word_1_158' title='bbox 206 2261 233 2312; x_wconf 91' lang='lat' dir='ltr'><strong>et</strong></span> <span class='ocrx_word' id='word_1_159' title='bbox 258 2253 356 2311; x_wconf 92' lang='lat' dir='ltr'><strong>omnia</strong></span> <span class='ocrx_word' id='word_1_160' title='bbox 380 2269 447 2310; x_wconf 88' lang='lat' dir='ltr'><strong>eum</strong></span> <span class='ocrx_word' id='word_1_161' title='bbox 471 2251 609 2311; x_wconf 93' lang='lat' dir='ltr'><strong>omnibus</strong></span> <span class='ocrx_word' id='word_1_162' title='bbox 633 2253 800 2310; x_wconf 89' lang='lat' dir='ltr'><strong>concinent.</strong></span> <span class='ocrx_word' id='word_1_163' title='bbox 846 2251 879 2311; x_wconf 96' lang='lat' dir='ltr'><strong>ln</strong></span> <span class='ocrx_word' id='word_1_164' title='bbox 904 2255 997 2331; x_wconf 88' lang='lat' dir='ltr'><strong>prima</strong></span> <span class='ocrx_word' id='word_1_165' title='bbox 1027 2256 1117 2333; x_wconf 85' lang='lat' dir='ltr'><strong>igitur</strong></span> <span class='ocrx_word' id='word_1_166' title='bbox 1140 2254 1219 2315; x_wconf 89' lang='lat' dir='ltr'><strong>Pluti</strong></span> <span class='ocrx_word' id='word_1_167' title='bbox 1247 2255 1379 2316; x_wconf 92' lang='lat' dir='ltr'><strong>editione</strong></span> 
     </span>
     <span class='ocr_line' id='line_1_21' title="bbox 207 2339 1381 2431; baseline 0.005 -23"><span class='ocrx_word' id='word_1_168' title='bbox 207 2351 352 2427; x_wconf 92' lang='lat' dir='ltr'><strong>scriptum</strong></span> <span class='ocrx_word' id='word_1_169' title='bbox 376 2357 452 2409; x_wconf 89' lang='lat' dir='ltr'><strong>erat:</strong></span> <span class='ocrx_word' id='word_1_170' title='bbox 476 2341 598 2428; x_wconf 82' lang='grc' dir='ltr'><strong><em>ταύτης</em></strong></span> <span class='ocrx_word' id='word_1_171' title='bbox 621 2339 821 2422; x_wconf 78' lang='grc' dir='ltr'><strong><em>ἀπαλλάξειν</em></strong></span> <span class='ocrx_word' id='word_1_172' title='bbox 841 2363 877 2410; x_wconf 84' lang='grc' dir='ltr'><strong>σε</strong></span> <span class='ocrx_word' id='word_1_173' title='bbox 895 2348 953 2429; x_wconf 82' lang='grc' dir='ltr'><strong>της</strong></span> <span class='ocrx_word' id='word_1_174' title='bbox 972 2341 1174 2431; x_wconf 81' lang='grc' dir='ltr'><strong><em>ὀφθαλμίας,</em></strong></span> <span class='ocrx_word' id='word_1_175' title='bbox 1198 2355 1228 2412; x_wconf 94' lang='lat' dir='ltr'><strong>in</strong></span> <span class='ocrx_word' id='word_1_176' title='bbox 1248 2354 1381 2414; x_wconf 91' lang='lat' dir='ltr'><strong>secunda</strong></span> 
     </span>
     <span class='ocr_line' id='line_1_22' title="bbox 206 2445 1379 2524; baseline 0.003 -17"><span class='ocrx_word' id='word_1_177' title='bbox 206 2456 304 2507; x_wconf 90' lang='lat' dir='ltr'><strong>autem</strong></span> <span class='ocrx_word' id='word_1_178' title='bbox 329 2449 393 2507; x_wconf 91' lang='lat' dir='ltr'><strong>eius</strong></span> <span class='ocrx_word' id='word_1_179' title='bbox 416 2445 531 2506; x_wconf 89' lang='lat' dir='ltr'><strong>fabulae</strong></span> <span class='ocrx_word' id='word_1_180' title='bbox 556 2448 730 2506; x_wconf 89' lang='lat' dir='ltr'><strong>recensione</strong></span> <span class='ocrx_word' id='word_1_181' title='bbox 753 2455 840 2524; x_wconf 91' lang='lat' dir='ltr'><strong>poeta</strong></span> <span class='ocrx_word' id='word_1_182' title='bbox 863 2447 942 2507; x_wconf 91' lang='lat' dir='ltr'><strong>hune</strong></span> <span class='ocrx_word' id='word_1_183' title='bbox 967 2467 1088 2508; x_wconf 91' lang='lat' dir='ltr'><strong>uersum</strong></span> <span class='ocrx_word' id='word_1_184' title='bbox 1116 2452 1159 2508; x_wconf 91' lang='lat' dir='ltr'><strong>sic</strong></span> <span class='ocrx_word' id='word_1_185' title='bbox 1188 2445 1379 2511; x_wconf 86' lang='lat' dir='ltr'><strong>transforma·</strong></span> 
     </span>
     <span class='ocr_line' id='line_1_23' title="bbox 207 2533 1381 2627; baseline 0.003 -23"><span class='ocrx_word' id='word_1_186' title='bbox 207 2547 264 2626; x_wconf 93' lang='lat' dir='ltr'><strong>uit,</strong></span> <span class='ocrx_word' id='word_1_187' title='bbox 292 2552 326 2604; x_wconf 91' lang='lat' dir='ltr'><strong>ut</strong></span> <span class='ocrx_word' id='word_1_188' title='bbox 354 2543 511 2604; x_wconf 88' lang='lat' dir='ltr'><strong>scriberet:</strong></span> <span class='ocrx_word' id='word_1_189' title='bbox 539 2547 596 2623; x_wconf 81' lang='grc' dir='ltr'><strong>τῆς</strong></span> <span class='ocrx_word' id='word_1_190' title='bbox 624 2547 800 2624; x_wconf 80' lang='grc' dir='ltr'><strong><em>συμφορᾶς</em></strong></span> <span class='ocrx_word' id='word_1_191' title='bbox 826 2537 947 2623; x_wconf 80' lang='grc' dir='ltr'><strong><em>ταύτης</em></strong></span> <span class='ocrx_word' id='word_1_192' title='bbox 975 2557 1012 2606; x_wconf 86' lang='grc' dir='ltr'><strong>σε</strong></span> <span class='ocrx_word' id='word_1_193' title='bbox 1040 2538 1196 2625; x_wconf 85' lang='grc' dir='ltr'><strong><em>παύσειν,</em></strong></span> <span class='ocrx_word' id='word_1_194' title='bbox 1224 2533 1263 2626; x_wconf 81' lang='grc' dir='ltr'><strong>ἦς</strong></span> <span class='ocrx_word' id='word_1_195' title='bbox 1286 2545 1381 2627; x_wconf 81' lang='grc' dir='ltr'><strong><em>ἔχεις.</em></strong></span> 
     </span>
     <span class='ocr_line' id='line_1_24' title="bbox 207 2640 1381 2723; baseline 0.002 -21"><span class='ocrx_word' id='word_1_196' title='bbox 207 2641 309 2720; x_wconf 92' lang='lat' dir='ltr'><strong>ltaque</strong></span> <span class='ocrx_word' id='word_1_197' title='bbox 330 2640 504 2701; x_wconf 92' lang='lat' dir='ltr'><strong>scholiastae</strong></span> <span class='ocrx_word' id='word_1_198' title='bbox 524 2640 743 2701; x_wconf 89' lang='lat' dir='ltr'><strong>adnotationem</strong></span> <span class='ocrx_word' id='word_1_199' title='bbox 763 2643 789 2700; x_wconf 92' lang='lat' dir='ltr'><strong>si</strong></span> <span class='ocrx_word' id='word_1_200' title='bbox 808 2645 969 2723; x_wconf 88' lang='lat' dir='ltr'><strong>sequimur,</strong></span> <span class='ocrx_word' id='word_1_201' title='bbox 989 2661 1022 2702; x_wconf 93' lang='lat' dir='ltr'><strong>ea</strong></span> <span class='ocrx_word' id='word_1_202' title='bbox 1041 2661 1116 2720; x_wconf 91' lang='lat' dir='ltr'><strong>quae</strong></span> <span class='ocrx_word' id='word_1_203' title='bbox 1132 2662 1210 2704; x_wconf 88' lang='lat' dir='ltr'><strong>nunc</strong></span> <span class='ocrx_word' id='word_1_204' title='bbox 1225 2653 1381 2722; x_wconf 89' lang='lat' dir='ltr'><strong>superstes</strong></span> 
     </span>
     <span class='ocr_line' id='line_1_25' title="bbox 208 2738 1381 2821; baseline 0.001 -22"><span class='ocrx_word' id='word_1_205' title='bbox 208 2748 316 2818; x_wconf 89' lang='lat' dir='ltr'><strong>exstat,</strong></span> <span class='ocrx_word' id='word_1_206' title='bbox 343 2738 448 2798; x_wconf 88' lang='lat' dir='ltr'><strong>Plutus</strong></span> <span class='ocrx_word' id='word_1_207' title='bbox 477 2738 575 2798; x_wconf 83' lang='lat' dir='ltr'><strong>fabula</strong></span> <span class='ocrx_word' id='word_1_208' title='bbox 599 2740 664 2798; x_wconf 90' lang='lat' dir='ltr'><strong>eius</strong></span> <span class='ocrx_word' id='word_1_209' title='bbox 692 2741 820 2798; x_wconf 92' lang='lat' dir='ltr'><strong>nominis</strong></span> <span class='ocrx_word' id='word_1_210' title='bbox 844 2743 926 2817; x_wconf 94' lang='lat' dir='ltr'><strong>prior</strong></span> <span class='ocrx_word' id='word_1_211' title='bbox 949 2740 1078 2819; x_wconf 90' lang='lat' dir='ltr'><strong>putanda</strong></span> <span class='ocrx_word' id='word_1_212' title='bbox 1102 2748 1161 2821; x_wconf 89' lang='lat' dir='ltr'><strong>est,</strong></span> <span class='ocrx_word' id='word_1_213' title='bbox 1185 2742 1324 2819; x_wconf 88' lang='lat' dir='ltr'><strong>quoniam</strong></span> <span class='ocrx_word' id='word_1_214' title='bbox 1349 2744 1381 2801; x_wconf 94' lang='lat' dir='ltr'><strong>in</strong></span> 
     </span>
     <span class='ocr_line' id='line_1_26' title="bbox 208 2828 1381 2918; baseline 0.003 -22"><span class='ocrx_word' id='word_1_215' title='bbox 208 2856 241 2896; x_wconf 94' lang='lat' dir='ltr'><strong>ea</strong></span> <span class='ocrx_word' id='word_1_216' title='bbox 260 2836 369 2914; x_wconf 84' lang='lat' dir='ltr'><strong>legitur</strong></span> <span class='ocrx_word' id='word_1_217' title='bbox 389 2854 495 2896; x_wconf 88' lang='lat' dir='ltr'><strong>uersus</strong></span> <span class='ocrx_word' id='word_1_218' title='bbox 516 2838 567 2913; x_wconf 91' lang='lat' dir='ltr'><strong>qui</strong></span> <span class='ocrx_word' id='word_1_219' title='bbox 590 2844 649 2896; x_wconf 91' lang='lat' dir='ltr'><strong>est:</strong></span> <span class='ocrx_word' id='word_1_220' title='bbox 671 2831 792 2916; x_wconf 80' lang='grc' dir='ltr'><strong><em>ταύτης</em></strong></span> <span class='ocrx_word' id='word_1_221' title='bbox 815 2828 1016 2911; x_wconf 76' lang='grc' dir='ltr'><strong><em>ἀπαλλάξειν</em></strong></span> <span class='ocrx_word' id='word_1_222' title='bbox 1039 2851 1076 2898; x_wconf 82' lang='grc' dir='ltr'><strong>σε</strong></span> <span class='ocrx_word' id='word_1_223' title='bbox 1098 2841 1155 2917; x_wconf 81' lang='grc' dir='ltr'><strong>τῆς</strong></span> <span class='ocrx_word' id='word_1_224' title='bbox 1178 2828 1381 2918; x_wconf 81' lang='grc' dir='ltr'><strong><em>ὀφθαλμίας.</em></strong></span> 
     </span>
     <span class='ocr_line' id='line_1_27' title="bbox 208 2933 1383 3014; baseline 0.003 -20"><span class='ocrx_word' id='word_1_225' title='bbox 208 2935 246 2995; x_wconf 78' lang='lat' dir='ltr'><strong>ht</strong></span> <span class='ocrx_word' id='word_1_226' title='bbox 274 2952 337 2993; x_wconf 92' lang='lat' dir='ltr'><strong>eam</strong></span> <span class='ocrx_word' id='word_1_227' title='bbox 366 2952 453 3012; x_wconf 92' lang='lat' dir='ltr'><strong>quam</strong></span> <span class='ocrx_word' id='word_1_228' title='bbox 482 2953 561 2994; x_wconf 93' lang='lat' dir='ltr'><strong>nunc</strong></span> <span class='ocrx_word' id='word_1_229' title='bbox 588 2933 725 2994; x_wconf 91' lang='lat' dir='ltr'><strong>manibus</strong></span> <span class='ocrx_word' id='word_1_230' title='bbox 753 2953 906 2994; x_wconf 90' lang='lat' dir='ltr'><strong>uersamus</strong></span> <span class='ocrx_word' id='word_1_231' title='bbox 935 2935 1062 2995; x_wconf 83' lang='lat' dir='ltr'><strong>fabulam</strong></span> <span class='ocrx_word' id='word_1_232' title='bbox 1092 2954 1150 2995; x_wconf 95' lang='lat' dir='ltr'><strong>non</strong></span> <span class='ocrx_word' id='word_1_233' title='bbox 1176 2938 1305 3014; x_wconf 92' lang='lat' dir='ltr'><strong>priorem</strong></span> <span class='ocrx_word' id='word_1_234' title='bbox 1330 2936 1383 2997; x_wconf 90' lang='lat' dir='ltr'><strong>uel</strong></span> 
     </span>
     <span class='ocr_line' id='line_1_28' title="bbox 210 3032 1381 3113; baseline 0.002 -21"><span class='ocrx_word' id='word_1_235' title='bbox 210 3033 305 3092; x_wconf 89' lang='lat' dir='ltr'><strong>dicam</strong></span> <span class='ocrx_word' id='word_1_236' title='bbox 329 3051 388 3090; x_wconf 94' lang='lat' dir='ltr'><strong>non</strong></span> <span class='ocrx_word' id='word_1_237' title='bbox 411 3050 523 3091; x_wconf 92' lang='lat' dir='ltr'><strong>meram</strong></span> <span class='ocrx_word' id='word_1_238' title='bbox 547 3034 677 3111; x_wconf 93' lang='lat' dir='ltr'><strong>priorem</strong></span> <span class='ocrx_word' id='word_1_239' title='bbox 701 3032 820 3092; x_wconf 90' lang='lat' dir='ltr'><strong>Plutum</strong></span> <span class='ocrx_word' id='word_1_240' title='bbox 841 3050 906 3092; x_wconf 89' lang='lat' dir='ltr'><strong>esse</strong></span> <span class='ocrx_word' id='word_1_241' title='bbox 927 3032 974 3092; x_wconf 90' lang='lat' dir='ltr'><strong>uel</strong></span> <span class='ocrx_word' id='word_1_242' title='bbox 993 3033 1061 3093; x_wconf 90' lang='lat' dir='ltr'><strong>inde</strong></span> <span class='ocrx_word' id='word_1_243' title='bbox 1081 3033 1203 3093; x_wconf 91' lang='lat' dir='ltr'><strong>euidens</strong></span> <span class='ocrx_word' id='word_1_244' title='bbox 1223 3041 1276 3113; x_wconf 90' lang='lat' dir='ltr'><strong>est,</strong></span> <span class='ocrx_word' id='word_1_245' title='bbox 1299 3035 1381 3112; x_wconf 92' lang='lat' dir='ltr'><strong>quod</strong></span> 
     </span>
     <span class='ocr_line' id='line_1_29' title="bbox 208 3129 1382 3212; baseline 0.003 -22"><span class='ocrx_word' id='word_1_246' title='bbox 208 3137 254 3190; x_wconf 91' lang='lat' dir='ltr'><strong>tot</strong></span> <span class='ocrx_word' id='word_1_247' title='bbox 282 3147 317 3188; x_wconf 92' lang='lat' dir='ltr'><strong>ex</strong></span> <span class='ocrx_word' id='word_1_248' title='bbox 345 3130 561 3208; x_wconf 86' lang='lat' dir='ltr'><strong>posterioribus</strong></span> <span class='ocrx_word' id='word_1_249' title='bbox 589 3129 774 3208; x_wconf 91' lang='lat' dir='ltr'><strong>temporibus</strong></span> <span class='ocrx_word' id='word_1_250' title='bbox 807 3149 855 3189; x_wconf 93' lang='lat' dir='ltr'><strong>res</strong></span> <span class='ocrx_word' id='word_1_251' title='bbox 888 3140 1171 3212; x_wconf 89' lang='lat' dir='ltr'><strong>commemorantur,</strong></span> <span class='ocrx_word' id='word_1_252' title='bbox 1203 3150 1277 3210; x_wconf 92' lang='lat' dir='ltr'><strong>quas</strong></span> <span class='ocrx_word' id='word_1_253' title='bbox 1308 3132 1382 3193; x_wconf 93' lang='lat' dir='ltr'><strong>olim</strong></span> 
     </span>
     <span class='ocr_line' id='line_1_30' title="bbox 210 3226 1383 3306; baseline 0.001 -19"><span class='ocrx_word' id='word_1_254' title='bbox 210 3229 326 3287; x_wconf 91' lang='lat' dir='ltr'><strong>luturas</strong></span> <span class='ocrx_word' id='word_1_255' title='bbox 349 3245 424 3306; x_wconf 92' lang='lat' dir='ltr'><strong>esse,</strong></span> <span class='ocrx_word' id='word_1_256' title='bbox 448 3245 516 3286; x_wconf 91' lang='lat' dir='ltr'><strong>oum</strong></span> <span class='ocrx_word' id='word_1_257' title='bbox 539 3229 621 3306; x_wconf 88' lang='lat' dir='ltr'><strong>prior</strong></span> <span class='ocrx_word' id='word_1_258' title='bbox 640 3226 745 3286; x_wconf 88' lang='lat' dir='ltr'><strong>Plutus</strong></span> <span class='ocrx_word' id='word_1_259' title='bbox 769 3230 799 3287; x_wconf 91' lang='lat' dir='ltr'><strong>in</strong></span> <span class='ocrx_word' id='word_1_260' title='bbox 823 3246 942 3288; x_wconf 90' lang='lat' dir='ltr'><strong>scenam</strong></span> <span class='ocrx_word' id='word_1_261' title='bbox 962 3228 1211 3306; x_wconf 88' lang='lat' dir='ltr'><strong>committebatur,</strong></span> <span class='ocrx_word' id='word_1_262' title='bbox 1235 3246 1322 3288; x_wconf 91' lang='lat' dir='ltr'><strong>nemo</strong></span> <span class='ocrx_word' id='word_1_263' title='bbox 1342 3247 1383 3288; x_wconf 86' lang='lat' dir='ltr'><strong>ne</strong></span> 
     </span>
     <span class='ocr_line' id='line_1_31' title="bbox 210 3324 716 3403; baseline -0.004 -17"><span class='ocrx_word' id='word_1_264' title='bbox 210 3327 376 3386; x_wconf 90' lang='lat' dir='ltr'><strong>insomnis</strong></span> <span class='ocrx_word' id='word_1_265' title='bbox 401 3325 520 3403; x_wconf 93' lang='lat' dir='ltr'><strong>quidem</strong></span> <span class='ocrx_word' id='word_1_266' title='bbox 544 3324 716 3385; x_wconf 89' lang='lat' dir='ltr'><strong>somniabat.</strong></span> 
     </span>
    </p>

    <p class='ocr_par' dir='ltr' id='par_1_5' title="bbox 211 3417 1388 4479">
     <span class='ocr_line' id='line_1_32' title="bbox 300 3417 1384 3505; baseline 0.002 -23"><span class='ocrx_word' id='word_1_267' title='bbox 300 3423 335 3483; x_wconf 95' lang='lat' dir='ltr'><strong>ll.</strong></span> <span class='ocrx_word' id='word_1_268' title='bbox 369 3422 427 3482; x_wconf 89' lang='lat' dir='ltr'><strong>Sed</strong></span> <span class='ocrx_word' id='word_1_269' title='bbox 457 3423 581 3482; x_wconf 88' lang='lat' dir='ltr'><strong>fortasse</strong></span> <span class='ocrx_word' id='word_1_270' title='bbox 610 3430 742 3482; x_wconf 86' lang='lat' dir='ltr'><strong>nostram</strong></span> <span class='ocrx_word' id='word_1_271' title='bbox 766 3423 884 3484; x_wconf 90' lang='lat' dir='ltr'><strong>Plutum</strong></span> <span class='ocrx_word' id='word_1_272' title='bbox 913 3442 1024 3483; x_wconf 90' lang='lat' dir='ltr'><strong>meram</strong></span> <span class='ocrx_word' id='word_1_273' title='bbox 1048 3426 1178 3502; x_wconf 89' lang='lat' dir='ltr'><strong>priorem</strong></span> <span class='ocrx_word' id='word_1_274' title='bbox 1202 3417 1384 3505; x_wconf 88' lang='lat' dir='ltr'><strong>(secundum</strong></span> 
     </span>
     <span class='ocr_line' id='line_1_33' title="bbox 211 3514 1384 3602; baseline 0 -21"><span class='ocrx_word' id='word_1_275' title='bbox 211 3514 412 3602; x_wconf 92' lang='lat' dir='ltr'><strong>scholiastam)</strong></span> <span class='ocrx_word' id='word_1_276' title='bbox 436 3538 502 3580; x_wconf 87' lang='lat' dir='ltr'><strong>esse</strong></span> <span class='ocrx_word' id='word_1_277' title='bbox 526 3538 586 3579; x_wconf 93' lang='lat' dir='ltr'><strong>nou</strong></span> <span class='ocrx_word' id='word_1_278' title='bbox 609 3521 681 3580; x_wconf 91' lang='lat' dir='ltr'><strong>adeo</strong></span> <span class='ocrx_word' id='word_1_279' title='bbox 705 3522 900 3599; x_wconf 86' lang='lat' dir='ltr'><strong>premendum</strong></span> <span class='ocrx_word' id='word_1_280' title='bbox 925 3523 1046 3599; x_wconf 91' lang='lat' dir='ltr'><strong>eamque</strong></span> <span class='ocrx_word' id='word_1_281' title='bbox 1071 3540 1107 3580; x_wconf 89' lang='lat' dir='ltr'><strong>ex</strong></span> <span class='ocrx_word' id='word_1_282' title='bbox 1131 3529 1255 3600; x_wconf 89' lang='lat' dir='ltr'><strong>utraque</strong></span> <span class='ocrx_word' id='word_1_283' title='bbox 1278 3539 1384 3581; x_wconf 89' lang='lat' dir='ltr'><strong>recen·</strong></span> 
     </span>
     <span class='ocr_line' id='line_1_34' title="bbox 212 3617 1385 3699; baseline 0.002 -21"><span class='ocrx_word' id='word_1_284' title='bbox 212 3621 295 3680; x_wconf 90' lang='lat' dir='ltr'><strong>sione</strong></span> <span class='ocrx_word' id='word_1_285' title='bbox 319 3638 334 3678; x_wconf 91' lang='lat' dir='ltr'><strong>a</strong></span> <span class='ocrx_word' id='word_1_286' title='bbox 358 3625 444 3697; x_wconf 91' lang='lat' dir='ltr'><strong>poeta</strong></span> <span class='ocrx_word' id='word_1_287' title='bbox 470 3617 701 3696; x_wconf 85' lang='lat' dir='ltr'><strong>conglutinatam</strong></span> <span class='ocrx_word' id='word_1_288' title='bbox 724 3636 790 3678; x_wconf 89' lang='lat' dir='ltr'><strong>esse</strong></span> <span class='ocrx_word' id='word_1_289' title='bbox 814 3619 1003 3680; x_wconf 90' lang='lat' dir='ltr'><strong>statuendum</strong></span> <span class='ocrx_word' id='word_1_290' title='bbox 1027 3627 1086 3699; x_wconf 87' lang='lat' dir='ltr'><strong>cst,</strong></span> <span class='ocrx_word' id='word_1_291' title='bbox 1109 3621 1149 3679; x_wconf 86' lang='lat' dir='ltr'><strong>ite</strong></span> <span class='ocrx_word' id='word_1_292' title='bbox 1172 3629 1205 3680; x_wconf 90' lang='lat' dir='ltr'><strong>ut</strong></span> <span class='ocrx_word' id='word_1_293' title='bbox 1229 3637 1306 3699; x_wconf 76' lang='lat' dir='ltr'><strong>cerm,</strong></span> <span class='ocrx_word' id='word_1_294' title='bbox 1330 3623 1385 3698; x_wconf 91' lang='lat' dir='ltr'><strong>qui</strong></span> 
     </span>
     <span class='ocr_line' id='line_1_35' title="bbox 212 3715 1385 3796; baseline 0 -20"><span class='ocrx_word' id='word_1_295' title='bbox 212 3735 291 3777; x_wconf 93' lang='lat' dir='ltr'><strong>nunc</strong></span> <span class='ocrx_word' id='word_1_296' title='bbox 311 3716 428 3796; x_wconf 86' lang='lat' dir='ltr'><strong>legitur,</strong></span> <span class='ocrx_word' id='word_1_297' title='bbox 453 3733 573 3775; x_wconf 88' lang='lat' dir='ltr'><strong>uersum</strong></span> <span class='ocrx_word' id='word_1_298' title='bbox 594 3734 629 3776; x_wconf 91' lang='lat' dir='ltr'><strong>ex</strong></span> <span class='ocrx_word' id='word_1_299' title='bbox 649 3718 749 3794; x_wconf 92' lang='lat' dir='ltr'><strong>priore</strong></span> <span class='ocrx_word' id='word_1_300' title='bbox 768 3715 866 3776; x_wconf 81' lang='lat' dir='ltr'><strong>fabula</strong></span> <span class='ocrx_word' id='word_1_301' title='bbox 888 3719 919 3777; x_wconf 89' lang='lat' dir='ltr'><strong>iu</strong></span> <span class='ocrx_word' id='word_1_302' title='bbox 943 3719 1100 3795; x_wconf 91' lang='lat' dir='ltr'><strong>utriusque</strong></span> <span class='ocrx_word' id='word_1_303' title='bbox 1124 3718 1385 3777; x_wconf 91' lang='lat' dir='ltr'><strong>concinnationem</strong></span> 
     </span>
     <span class='ocr_line' id='line_1_36' title="bbox 212 3814 1385 3893; baseline 0 -19"><span class='ocrx_word' id='word_1_304' title='bbox 212 3814 354 3875; x_wconf 90' lang='lat' dir='ltr'><strong>traditum</strong></span> <span class='ocrx_word' id='word_1_305' title='bbox 374 3831 439 3873; x_wconf 93' lang='lat' dir='ltr'><strong>esse</strong></span> <span class='ocrx_word' id='word_1_306' title='bbox 458 3819 606 3892; x_wconf 89' lang='lat' dir='ltr'><strong>putemus.</strong></span> <span class='ocrx_word' id='word_1_307' title='bbox 640 3814 676 3873; x_wconf 80' lang='lat' dir='ltr'><strong>nt</strong></span> <span class='ocrx_word' id='word_1_308' title='bbox 694 3831 731 3873; x_wconf 91' lang='lat' dir='ltr'><strong>ue</strong></span> <span class='ocrx_word' id='word_1_309' title='bbox 750 3815 781 3872; x_wconf 95' lang='lat' dir='ltr'><strong>in</strong></span> <span class='ocrx_word' id='word_1_310' title='bbox 800 3814 857 3874; x_wconf 93' lang='lat' dir='ltr'><strong>hoo</strong></span> <span class='ocrx_word' id='word_1_311' title='bbox 876 3815 996 3892; x_wconf 94' lang='lat' dir='ltr'><strong>quidem</strong></span> <span class='ocrx_word' id='word_1_312' title='bbox 1020 3815 1168 3892; x_wconf 80' lang='lat' dir='ltr'><strong>refugium</strong></span> <span class='ocrx_word' id='word_1_313' title='bbox 1191 3833 1222 3874; x_wconf 93' lang='lat' dir='ltr'><strong>se</strong></span> <span class='ocrx_word' id='word_1_314' title='bbox 1247 3815 1385 3893; x_wconf 84' lang='lat' dir='ltr'><strong>recipere</strong></span> 
     </span>
     <span class='ocr_line' id='line_1_37' title="bbox 211 3910 1386 3991; baseline 0.002 -19"><span class='ocrx_word' id='word_1_315' title='bbox 211 3912 290 3972; x_wconf 94' lang='lat' dir='ltr'><strong>licet.</strong></span> <span class='ocrx_word' id='word_1_316' title='bbox 344 3910 515 3971; x_wconf 84' lang='lat' dir='ltr'><strong>Certissima</strong></span> <span class='ocrx_word' id='word_1_317' title='bbox 546 3913 624 3970; x_wconf 90' lang='lat' dir='ltr'><strong>enim</strong></span> <span class='ocrx_word' id='word_1_318' title='bbox 657 3919 720 3971; x_wconf 92' lang='lat' dir='ltr'><strong>tum</strong></span> <span class='ocrx_word' id='word_1_319' title='bbox 754 3929 821 3970; x_wconf 92' lang='lat' dir='ltr'><strong>eum</strong></span> <span class='ocrx_word' id='word_1_320' title='bbox 853 3912 992 3973; x_wconf 91' lang='lat' dir='ltr'><strong>habuisse</strong></span> <span class='ocrx_word' id='word_1_321' title='bbox 1027 3912 1190 3991; x_wconf 92' lang='lat' dir='ltr'><strong>putandum</strong></span> <span class='ocrx_word' id='word_1_322' title='bbox 1227 3919 1272 3971; x_wconf 92' lang='lat' dir='ltr'><strong>est</strong></span> <span class='ocrx_word' id='word_1_323' title='bbox 1303 3910 1386 3974; x_wconf 90' lang='lat' dir='ltr'><strong>Pluti</strong></span> 
     </span>
     <span class='ocr_line' id='line_1_38' title="bbox 213 4008 1386 4089; baseline -0.002 -19"><span class='ocrx_word' id='word_1_324' title='bbox 213 4009 341 4070; x_wconf 90' lang='lat' dir='ltr'><strong>labulam</strong></span> <span class='ocrx_word' id='word_1_325' title='bbox 366 4016 395 4068; x_wconf 91' lang='lat' dir='ltr'><strong>et</strong></span> <span class='ocrx_word' id='word_1_326' title='bbox 419 4027 530 4068; x_wconf 90' lang='lat' dir='ltr'><strong>meram</strong></span> <span class='ocrx_word' id='word_1_327' title='bbox 553 4011 749 4086; x_wconf 91' lang='lat' dir='ltr'><strong>posteriorem</strong></span> <span class='ocrx_word' id='word_1_328' title='bbox 774 4016 862 4069; x_wconf 92' lang='lat' dir='ltr'><strong>etex</strong></span> <span class='ocrx_word' id='word_1_329' title='bbox 886 4018 1012 4088; x_wconf 91' lang='lat' dir='ltr'><strong>utraque</strong></span> <span class='ocrx_word' id='word_1_330' title='bbox 1036 4008 1279 4089; x_wconf 82' lang='lat' dir='ltr'><strong>conglutinatam3</strong></span> <span class='ocrx_word' id='word_1_331' title='bbox 1307 4009 1386 4069; x_wconf 89' lang='lat' dir='ltr'><strong>hane</strong></span> 
     </span>
     <span class='ocr_line' id='line_1_39' title="bbox 212 4105 1386 4187; baseline 0 -21"><span class='ocrx_word' id='word_1_332' title='bbox 212 4108 305 4185; x_wconf 87' lang='lat' dir='ltr'><strong>igitur</strong></span> <span class='ocrx_word' id='word_1_333' title='bbox 328 4105 593 4185; x_wconf 90' lang='lat' dir='ltr'><strong>interpretabatur,</strong></span> <span class='ocrx_word' id='word_1_334' title='bbox 622 4125 657 4166; x_wconf 87' lang='lat' dir='ltr'><strong>ex</strong></span> <span class='ocrx_word' id='word_1_335' title='bbox 684 4106 732 4166; x_wconf 91' lang='lat' dir='ltr'><strong>illa</strong></span> <span class='ocrx_word' id='word_1_336' title='bbox 759 4108 893 4186; x_wconf 90' lang='lat' dir='ltr'><strong>inspecta</strong></span> <span class='ocrx_word' id='word_1_337' title='bbox 921 4109 1075 4187; x_wconf 86' lang='lat' dir='ltr'><strong>cognouit,</strong></span> <span class='ocrx_word' id='word_1_338' title='bbox 1102 4106 1328 4186; x_wconf 81' lang='lat' dir='ltr'><strong>Aristophanem</strong></span> <span class='ocrx_word' id='word_1_339' title='bbox 1351 4109 1386 4167; x_wconf 92' lang='lat' dir='ltr'><strong>in</strong></span> 
     </span>
     <span class='ocr_line' id='line_1_40' title="bbox 213 4201 1386 4285; baseline 0.002 -22"><span class='ocrx_word' id='word_1_340' title='bbox 213 4206 379 4285; x_wconf 91' lang='lat' dir='ltr'><strong>posteriore</strong></span> <span class='ocrx_word' id='word_1_341' title='bbox 404 4204 532 4264; x_wconf 91' lang='lat' dir='ltr'><strong>editione</strong></span> <span class='ocrx_word' id='word_1_342' title='bbox 555 4201 613 4283; x_wconf 78' lang='grc' dir='ltr'><strong>τῆς</strong></span> <span class='ocrx_word' id='word_1_343' title='bbox 637 4202 811 4285; x_wconf 79' lang='grc' dir='ltr'><strong><em>συμφορᾶς</em></strong></span> <span class='ocrx_word' id='word_1_344' title='bbox 829 4207 895 4266; x_wconf 83' lang='grc' dir='ltr'><strong><em>κτλ.</em></strong></span> <span class='ocrx_word' id='word_1_345' title='bbox 917 4208 1081 4284; x_wconf 88' lang='lat' dir='ltr'><strong>scripsisse.</strong></span> <span class='ocrx_word' id='word_1_346' title='bbox 1113 4205 1155 4264; x_wconf 82' lang='lat' dir='ltr'><strong>Ac</strong></span> <span class='ocrx_word' id='word_1_347' title='bbox 1173 4206 1308 4284; x_wconf 90' lang='lat' dir='ltr'><strong>prolecto</strong></span> <span class='ocrx_word' id='word_1_348' title='bbox 1326 4204 1386 4265; x_wconf 90' lang='lat' dir='ltr'><strong>hoe</strong></span> 
     </span>
     <span class='ocr_line' id='line_1_41' title="bbox 214 4302 1388 4383; baseline 0.003 -23"><span class='ocrx_word' id='word_1_349' title='bbox 214 4319 269 4382; x_wconf 91' lang='lat' dir='ltr'><strong>per</strong></span> <span class='ocrx_word' id='word_1_350' title='bbox 301 4319 333 4360; x_wconf 92' lang='lat' dir='ltr'><strong>se</strong></span> <span class='ocrx_word' id='word_1_351' title='bbox 365 4302 502 4361; x_wconf 87' lang='lat' dir='ltr'><strong>lacillime</strong></span> <span class='ocrx_word' id='word_1_352' title='bbox 535 4303 659 4380; x_wconf 86' lang='lat' dir='ltr'><strong>cogitari</strong></span> <span class='ocrx_word' id='word_1_353' title='bbox 688 4310 799 4383; x_wconf 83' lang='lat' dir='ltr'><strong>potest;</strong></span> <span class='ocrx_word' id='word_1_354' title='bbox 836 4302 907 4363; x_wconf 92' lang='lat' dir='ltr'><strong>illud</strong></span> <span class='ocrx_word' id='word_1_355' title='bbox 939 4305 1030 4381; x_wconf 91' lang='lat' dir='ltr'><strong>enim,</strong></span> <span class='ocrx_word' id='word_1_356' title='bbox 1068 4302 1146 4380; x_wconf 92' lang='lat' dir='ltr'><strong>quod</strong></span> <span class='ocrx_word' id='word_1_357' title='bbox 1180 4320 1258 4383; x_wconf 88' lang='lat' dir='ltr'><strong>eam,</strong></span> <span class='ocrx_word' id='word_1_358' title='bbox 1294 4320 1388 4381; x_wconf 90' lang='lat' dir='ltr'><strong>quam</strong></span> 
     </span>
     <span class='ocr_line' id='line_1_42' title="bbox 214 4398 1387 4479; baseline 0.003 -21"><span class='ocrx_word' id='word_1_359' title='bbox 214 4398 358 4458; x_wconf 87' lang='lat' dir='ltr'><strong>tractabat</strong></span> <span class='ocrx_word' id='word_1_360' title='bbox 386 4399 527 4479; x_wconf 88' lang='lat' dir='ltr'><strong>fabulam,</strong></span> <span class='ocrx_word' id='word_1_361' title='bbox 560 4401 578 4460; x_wconf 93' lang='lat' dir='ltr'><strong>i.</strong></span> <span class='ocrx_word' id='word_1_362' title='bbox 607 4417 631 4462; x_wconf 90' lang='lat' dir='ltr'><strong>e.</strong></span> <span class='ocrx_word' id='word_1_363' title='bbox 662 4399 892 4478; x_wconf 87' lang='lat' dir='ltr'><strong>conglutinatam</strong></span> <span class='ocrx_word' id='word_1_364' title='bbox 919 4402 1049 4479; x_wconf 89' lang='lat' dir='ltr'><strong>priorem</strong></span> <span class='ocrx_word' id='word_1_365' title='bbox 1081 4401 1286 4459; x_wconf 89' lang='lat' dir='ltr'><strong>recensionem</strong></span> <span class='ocrx_word' id='word_1_366' title='bbox 1317 4417 1387 4461; x_wconf 85' lang='lat' dir='ltr'><strong>esse</strong></span> 
     </span>
    </p>
   </div>
   <div class='ocr_carea' id='block_1_3' title="bbox 0 0 1502 5092">
    <p class='ocr_par' dir='ltr' id='par_1_6' title="bbox 0 0 1502 5092">
     <span class='ocr_line' id='line_1_43' title="bbox 0 0 1502 5092; baseline 0 0"><span class='ocrx_word' id='word_1_367' title='bbox 0 0 1502 5092; x_wconf 95' lang='lat' dir='ltr'><strong> </strong></span> 
     </span>
    </p>
   </div>
  </div>
 </body>
</html>
