2956 5092
625 327 845 390 „99w

149 493 321 554 euidentius
341 492 400 571 fiat,
419 491 553 550 lacunam
573 506 660 567 quam
679 487 766 547 modo
786 489 942 548 statuimus
961 489 1080 566 explere
1094 490 1172 549 haud
1192 489 1319 550 alienum

147 594 205 652 erit
233 591 342 651 conari.
388 587 483 666 Atque
514 606 578 647 mea
607 585 726 664 quidem
760 586 906 643 sententia
929 584 995 645 talia
1019 587 1081 646 fere
1105 588 1319 647 Antiatticistae

147 688 241 749 uerba
265 686 453 747 intercidisse
478 684 621 744 arbitror:
653 679 758 763 γραύς
785 676 849 763 γάρ
872 684 1018 744 καλεῖται
1048 679 1102 744 καὶ
1127 673 1144 744 ὁ
1168 674 1317 765 άφρὸςὸ

146 778 317 855 άνῶτατος
334 779 402 844 τῶν
417 779 559 863 χυτρῶν,
579 772 624 853 ῶς
642 793 746 858 φησιν
762 769 1002 871 Ἀριστοφάνης
1020 774 1162 864 Πλούτῳ
1184 772 1321 862 (οὑτωσὶ
1348 831 1351 835 ,

147 878 268 959 λέγων·
292 876 375 951 εταῖς
393 873 454 959 μὲν
477 870 594 950 άλλαις
613 868 676 958 γάρ
700 870 835 957 χύτραις
858 867 878 955 η
898 875 1004 956 γραῦς
1022 870 1128 940 ἔπεστ’
1151 870 1321 956 άνωτάτω,

147 971 270 1056 ταύτης
294 971 331 1038 δὲ
354 974 419 1038 νῦν
442 980 501 1056 τῆς
523 969 626 1056 γραὸς
649 968 806 1051 ἐπιπολῆς
830 972 956 1035 ἔπεισιν
980 972 1017 1035 αλ
1037 969 1223 1059 χύτραι’).Ῑ)

239 1075 268 1152 ξ.
300 1072 350 1135 16.
400 1073 486 1134 Nunc
514 1073 550 1132 ad
584 1073 780 1150 fragmentum
812 1069 877 1132 448
911 1073 1100 1154 accedamus,
1133 1073 1212 1153 quod
1244 1074 1321 1151 apud

148 1173 301 1233 Pollucem
326 1165 374 1254 (9,
393 1167 472 1252 139)
497 1171 540 1230 sic
564 1170 705 1229 traditum
725 1177 784 1229 est:
805 1162 1046 1249 Ἀριστοφάνης
1069 1161 1101 1230 d'
1123 1167 1159 1232 ἐν
1179 1163 1322 1255 Πλούτῳ

147 1265 204 1330 καὶ
232 1267 277 1354 τῶ
301 1260 566 1346 ε’πικρούσασθαι
594 1259 646 1327 ἐπὶ
674 1262 734 1325 τοῦ
764 1262 968 1344 νουθετῆσαι
995 1263 1157 1348 κέχρηται.
1203 1268 1323 1328 Plutum

148 1369 342 1446 superstitem
366 1369 391 1426 si
420 1365 622 1446 peruolueriS,
649 1381 709 1422 non
737 1363 857 1441 quidem
885 1362 957 1423 haec
990 1367 1053 1444 ipsa
1077 1384 1152 1443 quac
1183 1374 1229 1425 est
1257 1361 1324 1426 ἐπι-

147 1456 360 1543 κρούσασθαι
380 1482 438 1523 uox
458 1462 513 1522 tibi
532 1468 679 1540 occurret,
698 1460 749 1519 sed
766 1469 864 1520 tamen
879 1479 1001 1522 uersum
1020 1465 1166 1543 inuenies,
1184 1463 1219 1522 ad
1235 1481 1323 1541 quem

150 1561 226 1620 nihil
241 1560 372 1640 impedit,
393 1561 551 1638 quominus
567 1558 695 1618 Pollucis
715 1558 912 1635 fragmentum
928 1560 1101 1620 referamus,
1129 1560 1183 1620 Est
1201 1580 1229 1620 u.
1245 1555 1324 1620 548:

150 1694 196 1762 σὺ
211 1694 272 1780 μὲν
288 1693 330 1762 ού
343 1693 404 1762 τὸν
420 1696 501 1779 ἐμον
511 1697 588 1778 βίον
603 1699 746 1780 εἴρηκας,
760 1689 820 1758 τὸν
834 1697 901 1760 τῶν
917 1699 1056 1781 πτωχῶν
1070 1693 1102 1762 d'
1117 1693 1324 1782 ὑπεκρούσω.

150 1842 315 1902 Scholiasta
339 1843 428 1902 huius
452 1860 559 1901 uersus
583 1839 710 1900 rrerbum
735 1839 813 1917 quod
838 1850 883 1902 est
905 1833 1102 1923 ὑπεκρούσω
1126 1844 1252 1923 explicat
1270 1861 1325 1921 per

151 1934 317 2019 ἐφθέγξω,
332 1930 537 2021 άνεκρούσω,
557 1932 737 2018 ἐδήλωσας,
756 1955 831 2014 quae
847 1938 938 1998 uerba
954 1941 1077 2001 eandem
1092 1943 1154 2001 fere
1173 1943 1325 2000 notionem

154 2039 325 2113 exprimunt
353 2047 441 2115 atque
470 2037 585 2115 qualem
611 2037 775 2115 fragmento
800 2033 842 2093 illi
864 2037 963 2096 inesse
986 2037 1089 2099 Pollux
1114 2038 1216 2098 uoluit.
1262 2036 1325 2115 Ego

153 2137 247 2213 igitur
279 2133 496 2213 lungermanno
529 2133 626 2192 facere
661 2151 722 2191 non
751 2149 873 2209 possum
907 2136 979 2212 quin
1013 2154 1080 2196 cum
1112 2135 1258 2196 Meinehio
1291 2152 1325 2193 ac

152 2231 280 2290 Velseno
303 2233 457 2311 assentiar,
479 2233 510 2290 in
530 2229 717 2290 adnotatione
742 2229 777 2288 ad
796 2229 925 2289 Pollucis
944 2231 1042 2291 locum
1061 2233 1134 2293 haec
1153 2233 1324 2293 disserenti:

152 2325 276 2408 umque,
300 2330 403 2387 sinon
423 2328 515 2407 fallor,
541 2321 632 2410 (apud
652 2324 893 2409 Aristophanem)
914 2323 1103 2409 ἐπεκρούσω
1119 2351 1186 2392 cum
1205 2331 1325 2390 Polluce

153 2426 310 2505 legendnm
344 2428 409 2485 erit.
466 2424 645 2485 Scholiastes
678 2425 720 2484 ihi
752 2429 886 2504 exponit:
923 2423 1090 2508 ἐφθέγξω,
1123 2415 1326 2510 άνεκρούσω,

155 2523 233 2604 quod
258 2530 360 2582 nostro
384 2540 551 2600 repugnare
575 2542 634 2582 non
658 2519 799 2584 uidetur?

245 2620 274 2696 ξ.
301 2617 349 2680 17.
396 2621 481 2699 Apud
510 2620 637 2680 eundem
665 2620 815 2682 Pollucem
843 2616 888 2706 (7,
913 2618 991 2707 115)
1015 2633 1111 2685 exstat
1138 2627 1225 2685 etiam
1250 2625 1326 2701 frag·

154 2727 288 2801 mentum
322 2717 401 2800 449,
435 2718 513 2798 quod
553 2706 612 2778 est:
647 2712 703 2777 καὶ
735 2711 968 2801 ἁρματοπηγὸς
1001 2715 1037 2782 δὲ
1073 2713 1152 2782 καθ’
1177 2711 1326 2801 Ὅμηρον

154 2811 318 2899 προσήκοι
342 2806 385 2877 ἂν
408 2811 587 2896 τεκτονικῇ,
614 2807 670 2874 καὶ
693 2805 903 2896 άμαξοπηγὸς
926 2820 1031 2892 ελποις
1054 2808 1108 2897 άν,
1130 2813 1184 2879 καλ
1208 2811 1326 2899 ἁμαξο-

155 2925 285 2996 πηγεῖν,
308 2909 363 2975 καλ
387 2905 635 2994 άρματοπηγεῑυ
659 2906 713 2972 καὶ
737 2903 974 2993 άρματοποιεῖν
997 2911 1052 2976 καλ
1082 2917 1327 2996 ζυγοποιεῖν,

156 3008 206 3086 ῶς
234 3009 274 3073 ἐν
298 3005 464 3096 Πλούτῳ
490 3002 785 3090 Ἀριστοφάνης.
807 3011 982 3091 sliobraeus
1005 3013 1230 3095 Aristophanem
1255 3015 1327 3074 falso

156 3131 211 3191 pro
235 3111 413 3170 Pherecrate
433 3110 579 3169 nominari
599 3105 783 3190 opinabatur,
801 3111 831 3169 in
855 3114 940 3170 cuius
964 3112 1129 3189 fragmento
1150 3109 1213 3172 130
1232 3119 1328 3170 exstat

156 3209 205 3268 hic
230 3226 351 3268 uersus:
374 3205 423 3279 τίς
442 3196 475 3264 ri'
501 3198 574 3264 ἔσθ’
601 3194 683 3283 ἡμῖν
701 3201 768 3264 τῶν
788 3210 858 3268 σῶν
877 3197 1048 3286 άροτῶνν)
1073 3207 1257 3287 ζυγοποιῶν
1282 3207 1328 3268 ἔτι

158 3305 265 3386 χρεία,
303 3305 360 3364 Sed
385 3305 421 3364 de
445 3304 500 3362 hac
524 3301 643 3379 quidem
667 3319 700 3360 re
724 3300 836 3362 lloclrio
860 3304 1023 3383 adstipnlor
1051 3305 1127 3365 hanc
1151 3309 1328 3366 sententiam

157 3405 306 3482 reicienti,
334 3397 414 3461 ‘cum
447 3399 551 3459 Pollux
579 3418 638 3457 non
670 3400 764 3460 solum
792 3401 1017 3481 Aristophanem
1046 3421 1113 3463 cum
1140 3403 1329 3485 Pherecrate,

159 3501 211 3559 sed
242 3502 329 3559 etiam
354 3498 473 3558 Plutum
498 3514 564 3554 cum
588 3495 688 3554 Persis
717 3505 746 3556 et
774 3497 961 3577 ζυγοποιεῐν
992 3519 1059 3561 cum
1088 3498 1274 3579 ζυγοποιῶν
1299 3494 1328 3581 (a

158 3593 346 3676 ζυγοποιύς)
375 3595 544 3656 confudisse
574 3593 740 3653 censendus
769 3591 827 3655 sit?
875 3597 932 3658 Sed
960 3595 1053 3677 qnid?
1085 3600 1111 3657 si
1141 3597 1329 3677 ζυγοποιεῖν

157 3695 201 3784 (u.
230 3687 310 3775 513)
349 3712 417 3753 cnm
450 3691 543 3752 uerbo
576 3697 786 3770 τροχοποιεῖν
818 3704 1030 3756 commutatum
1063 3713 1129 3754 esse
1162 3698 1329 3777 statuimus,

158 3791 349 3871 simillimam,
378 3810 414 3850 ne
439 3791 533 3849 dicam
557 3786 694 3868 eandem,
721 3791 872 3850 notionem
896 3788 1088 3852 continente?
1128 3791 1240 3852 Hocine
1263 3794 1329 3853 lieri

158 3907 218 3948 non
246 3885 367 3966 potuit?
400 3888 500 3947 ‘Immo
529 3884 666 3945 facillime
696 3887 763 3963 quis
790 3889 829 3945 ita
854 3906 955 3949 errare
978 3893 1087 3970 potuit,
1111 3908 1207 3968 neque
1232 3890 1328 3970 uideo,

161 4003 216 4045 cnr
231 3984 360 4045 lloclrins
379 3986 454 4046 hanc
474 3985 651 4044 sententiam
671 3991 730 4042 tam
745 3983 861 4043 fortiter
876 3987 1086 4064 repudiauerit.
1120 3987 1190 4048 Mihi
1209 3989 1328 4067 quidem

232 4159 258 4223 1)
269 4154 395 4208 Similem
408 4171 467 4208 rem
477 4155 564 4208 habea
574 4153 604 4205 in
619 4152 705 4206 schol.
720 4153 783 4208 Pac.
799 4158 858 4221 923,
874 4155 920 4208 ubi
933 4155 957 4207 si
971 4156 1092 4224 primum
1108 4160 1199 4212 solum
1213 4159 1328 4215 hahere·

158 4256 220 4290 mus
240 4235 386 4300 scholium,
405 4234 472 4288 inde
492 4250 602 4302 quoque
622 4232 719 4286 dubito
734 4249 769 4286 an
784 4236 847 4302 quis
861 4236 1051 4303 fragmentum
1069 4240 1162 4292 nescio
1182 4241 1265 4307 quala
1285 4257 1330 4295 ex·

159 4317 319 4384 sculpturas
334 4315 385 4382 sit3
403 4330 476 4367 nunc
491 4331 557 4368 uero
571 4313 676 4383 optima
691 4313 806 4381 factum,
821 4314 895 4383 quod
909 4314 940 4368 in
953 4316 1038 4370 tertio
1053 4318 1159 4372 acholio
1173 4322 1329 4388 exponitur,

160 4414 215 4464 quo
234 4395 304 4449 haec
322 4394 409 4448 uerba
427 4397 560 4463 spectent.

1081 4485 1117 4536 ¹¹1*
