2956 5092
650 353 868 418 ..77-

178 522 371 600 cerpsissent,
401 537 433 580 ea
458 519 594 577 omisisse
617 516 712 597 dicas,
741 534 815 594 quae
839 515 881 574 illi
906 515 943 574 de
967 522 1133 593 temporum
1158 515 1272 573 ratione
1296 513 1345 572 ad·

180 625 365 699 notaueraut3
389 616 441 676 sed
464 615 521 675 boc
545 617 609 675 ueri
634 621 744 694 quanto
768 611 942 673 dissimilius
965 621 1018 672 est.

263 717 292 793 ξ.
313 713 342 776 6.
371 714 480 774 Verum
504 713 553 772 bic
577 712 756 791 aliquamdiu
781 711 1003 771 consistendum
1028 717 1193 787 estusque
1217 717 1285 768 ante
1309 709 1344 768 ad

184 824 272 875 cetera
305 815 433 874 transire
465 830 636 891 possumus,
671 828 759 888 quam
792 809 829 868 de
862 807 974 868 scholio
1008 826 1052 887 eo,
1083 806 1162 885 quod
1191 806 1225 865 ad
1255 806 1344 884 expli·

179 912 300 972 candum
330 928 451 971 uersum
477 906 563 970 1194
591 909 786 986 compositum
816 914 874 986 est,
903 904 994 966 uerba
1023 905 1191 964 fecerimus.
1237 903 1281 962 lbi
1309 903 1345 962 ad

173 1000 321 1088 Chremyli
347 1007 438 1068 uerba
464 1014 645 1084 quaesunt:

412 1139 485 1209 ἀλλ’
507 1140 630 1209 ἐκδότω
654 1166 704 1220 αις
727 1143 827 1226 δεῦρο
852 1142 958 1226 δᾷδας
981 1135 1129 1225 ἡμμένας

145 1279 248 1352 haec
276 1290 433 1370 explicatio
462 1309 476 1349 a
505 1290 671 1350 scholiastis
700 1290 832 1368 apposita
856 1295 916 1348 cst:
950 1277 1000 1347 ὅτι
1025 1278 1232 1365 Λυκόφρων,
1262 1276 1346 1358 ὦςδ

135 1367 418 1471 Ἐρατοσθένης
451 1382 569 1467 φησὶν,
602 1377 699 1472 ᾠήθη
732 1383 865 1465 πρῶτον
897 1381 1018 1445 τοῦτον
1051 1381 1156 1465 δᾷδας
1182 1373 1346 1464 ᾐνηκέυαι.

137 1486 334 1565 πεποίηκε
358 1477 395 1545 δὲ
414 1479 469 1545 καλ
488 1480 524 1544 ἐν
541 1475 851 1564 Ἐκκλησιαζούσαις
869 1473 960 1542 αὐτό.
999 1471 1082 1541 νἰλλολ
1102 1472 1166 1562 γὰρ
1186 1472 1347 1559 Στράττις

130 1574 238 1662 Ίῑρδ
264 1571 464 1661 ἀμφοτέρων
487 1574 617 1642 τούτων
640 1573 717 1653 τοὺς
740 1579 932 1660 Ποιαμίους
956 1572 1127 1639 διδάσκων
1152 1576 1200 1650 εἰς
1225 1571 1347 1638 Φιλύλ-

133 1669 250 1740 λιον
274 1670 435 1760 ἀναφέρει
457 1672 495 1741 τὸ
518 1676 667 1760 πρᾶγμα·

409 1812 504 1900 ὑμεῖς
526 1841 561 1882 τε
584 1812 705 1892 πάντες
729 1809 804 1894 ἔξιτ’
830 1813 882 1880 ἐπὶ
905 1810 943 1880 τὸ
968 1810 1118 1898 Πύθιον,
1186 1884 1189 1889 ,

412 1909 486 1980 ὅσοι
509 1911 648 1999 πάρεστε
672 1910 716 1997 μὴ
740 1910 899 1996 λαβόντες
921 1912 1094 1997 λαμπάδας

411 2007 489 2095 μηδ’
511 2008 593 2077 ἄλλο
617 2008 723 2096 μηδὲν
747 2008 908 2095 ἐχόμενον
935 2013 1126 2075 Φιλυλλίου.

151 2146 209 2217 ln
241 2158 390 2218 annalium
423 2159 509 2217 enim'
535 2177 651 2238 eorum,
689 2156 797 2236 quibus
830 2175 936 2216 nomen
970 2159 1142 2236 impositum
1175 2165 1221 2217 est
1254 2151 1347 2216 ‘Lue-

157 2255 324 2315 larisches
348 2251 561 2335 Centralblatt',
585 2255 736 2315 uolumine
760 2255 828 2314 anni
854 2251 936 2314 1881
964 2253 1165 2334 Bambergius,
1192 2253 1348 2331 aliquando

166 2355 316 2431 magister
344 2372 428 2413 meus
456 2355 715 2433 ueneratissimuS,
743 2361 773 2412 et
799 2352 943 2412 indicium
971 2360 1001 2412 et
1032 2352 1176 2412 iudicium
1209 2353 1279 2411 lecit
1312 2351 1349 2410 de

171 2452 358 2510 comicorum
377 2451 543 2510 Atticorum
564 2451 797 2529 fragmentorum
816 2449 989 2510 collectione
1010 2449 1159 2509 lloclriana
1181 2458 1268 2528 atque
1293 2447 1349 2508 sub

174 2547 265 2606 finem
294 2549 358 2606 eius
387 2566 531 2607 censurae
561 2549 601 2606 ita
630 2548 692 2607 fere
720 2548 899 2627 disputatrit:
928 2547 1078 2607 Strattidis
1102 2546 1244 2624 fabulam,
1274 2565 1348 2625 quac

179 2646 359 2706 inscribatur
378 2640 555 2724 Ποτάμιοι,
575 2653 642 2704 ante
661 2645 697 2730 ol.
718 2642 769 2726 92,
789 2644 810 2704 4
830 2673 872 2693 =
890 2641 955 2706 408
975 2648 1004 2704 in
1025 2663 1143 2705 scenam
1163 2647 1348 2704 commissam

178 2761 243 2804 esse
268 2762 303 2803 ex
328 2743 440 2803 scholio
459 2742 495 2802 ad
514 2742 591 2802 Plut.
611 2762 639 2802 u.
660 2739 746 2804 1194
770 2745 938 2819 conscripto
961 2741 1139 2802 concludere
1162 2761 1221 2802 non
1244 2741 1350 2822 licere,

179 2841 219 2902 ibi
238 2860 298 2901 non
318 2841 354 2900 de
373 2842 483 2922 priore,
507 2841 559 2899 sed
579 2841 614 2900 de
635 2840 725 2900 altera
744 2840 822 2900 Pluti
846 2840 975 2900 editione
999 2841 1054 2918 agi,
1077 2841 1177 2918 itaque
1198 2837 1349 2899 Strattidis

178 2937 371 3018 Ποταμίους
394 2956 453 2997 non
477 2945 544 2997 ante
568 2938 604 2997 ol.
624 2935 676 3019 92,
695 2935 716 2998 4
736 2965 778 2988 =
796 2935 871 3018 408,
895 2937 947 2996 sed
969 2944 1037 2996 ante
1057 2936 1093 2996 ol.
1113 2933 1164 3017 97,
1183 2934 1205 2996 4
1224 2963 1265 2984 =
1285 2933 1349 2997 388

178 3036 226 3097 uel
244 3043 311 3095 ante
327 3034 596 3095 Ecclesiazusorum
616 3036 854 3095 commissionem
873 3036 989 3096 doctam
1009 3053 1083 3095 esse.
1091 3027 1117 3118 ¹)
1150 3033 1228 3094 llaec
1247 3033 1349 3115 uerba,

178 3134 355 3211 praesertim
380 3150 447 3191 cum
471 3131 603 3210 prolecta
623 3140 724 3193 essent
742 3152 758 3193 a
778 3135 918 3212 magistro
938 3152 1013 3213 mco,
1037 3135 1123 3194 cuius
1142 3140 1251 3211 quanta
1270 3140 1349 3192 esset

178 3231 289 3309 ingenii
309 3231 396 3309 acies,
415 3229 492 3289 baud
512 3231 689 3309 ignorarem,
712 3233 809 3309 primo
829 3231 948 3310 quidem
968 3231 1040 3290 adeo
1061 3229 1133 3290 mihi
1151 3229 1350 3309 imponebant,

180 3335 212 3387 ut
236 3335 298 3387 tota
322 3345 386 3386 mea
410 3307 557 3386 sententia
580 3345 640 3386 non
664 3328 802 3388 uacillare
826 3329 930 3409 solum,
955 3328 1005 3388 sed
1026 3346 1168 3388 corruere
1187 3327 1350 3388 uideretur.

180 3423 237 3484 Sed
266 3443 335 3484 cum
362 3425 427 3484 lieri
455 3426 587 3503 potuisse
618 3424 698 3485 nullo
727 3427 814 3487 modo
841 3426 1021 3504 persuadere
1051 3424 1123 3484 mibi
1151 3443 1284 3505 possem,
1317 3433 1350 3483 ut

179 3529 335 3601 postquam
364 3521 455 3581 semel
483 3540 553 3581 uera
582 3521 618 3581 ab
645 3521 842 3586 Eratosthene
875 3527 996 3585 iuuenta
1026 3532 1139 3603 essent,
1172 3521 1349 3600 quibuscum

180 3622 276 3679 omnia
291 3621 400 3698 optime
416 3628 624 3699 congruerent,
646 3639 678 3680 ca
698 3621 733 3680 ab
753 3621 999 3702 Aristophanibus
1013 3620 1159 3698 Byzantiis
1174 3618 1349 3679 Aristarchi-

180 3735 237 3796 que
265 3716 418 3796 discipulis
446 3725 534 3795 atque
557 3716 687 3795 Didymis
715 3721 745 3780 in
774 3719 966 3780 dissimillima
998 3719 1063 3777 ueri
1087 3723 1351 3795 commutarentur,

180 3813 289 3892 quibus
313 3832 445 3874 summae
470 3813 658 3874 difficultates
682 3815 835 3877 obstarent
854 3835 922 3877 cum
941 3817 1043 3894 eisque
1063 3816 1246 3874 consentiret
1264 3813 1351 3874 nibil:

179 3911 252 3972 haec
271 3930 340 3972 cum
359 3929 476 3971 mecum
494 3921 674 3992 reputarem,
698 3916 754 3973 nisi
778 3917 907 3994 omnino,
931 3931 985 3973 cur
1004 3912 1145 3991 Didymus
1164 3911 1351 3972 scholiastae·

252 4110 278 4179 1)
294 4107 364 4163 Sunt
379 4110 471 4162 autem
488 4109 546 4164 eius
560 4109 647 4178 ipsius
662 4111 747 4166 uerba
761 4113 843 4167 baec:
865 4112 947 4166 ‘Dass
962 4111 1006 4165 dic
1020 4108 1161 4180 Ποτάμιοι
1175 4109 1223 4163 des
1238 4108 1351 4164 Stratiis

179 4206 230 4244 vor
240 4187 283 4242 Ol.
294 4192 364 4256 sat
381 4188 543 4258 sufgeliihrt
557 4188 641 4256 seieu‚
655 4189 693 4242 ist
706 4205 757 4244 aus
769 4191 854 4248 schol,
869 4191 942 4248 Plut.
960 4196 1028 4245 1195
1043 4189 1124 4245 nicht
1137 4209 1171 4244 zu
1185 4190 1350 4265 schliessen3

179 4286 208 4323 es
232 4268 352 4322 hendelt
374 4267 433 4322 sich
455 4267 516 4321 bier
538 4268 618 4322 nicht
639 4287 687 4322 um
715 4271 768 4323 den
797 4272 900 4339 ersten,
930 4271 1050 4326 sondern
1079 4287 1127 4324 um
1153 4269 1207 4324 den
1235 4270 1352 4324 auciten

178 4348 286 4415 Plutos,
305 4349 364 4402 also
382 4365 435 4401 nur
452 4366 500 4401 um
517 4347 560 4402 Ol.
575 4354 617 4415 st,
633 4356 649 4402 4
668 4349 754 4406 beaw.
773 4368 820 4404 um
838 4350 884 4406 die
899 4352 960 4406 Zeit
978 4368 1029 4406 vor
1048 4352 1097 4405 der
1110 4349 1289 4421 Auffahrung
1303 4351 1353 4404 der

178 4428 411 4484 Ecclesiaausen.'
