2956 5092
703 342 922 406 ..80-

233 496 325 584 (peip)
349 523 385 563 ex
405 503 555 564 Strattidis
575 499 740 563 ‘Potamiis'
765 503 870 573 tabula,
894 523 968 582 quae
989 512 1034 564 est
1052 505 1138 564 docta
1157 512 1224 564 ante
1244 512 1405 581 utramque

231 593 437 679 Aristophanis
460 595 684 680 comoediam¹),
707 600 873 680 Phiiyliium
897 601 985 662 huius
1010 604 1100 661 moris
1124 604 1312 662 inuentorem
1336 619 1406 661 esse

228 698 464 759 concludendum
492 694 557 759 est'

316 796 395 856 Haec
415 798 511 856 omnia
536 799 644 874 optime
665 797 738 855 mihi
761 799 840 857 inter
864 816 895 856 se
916 797 1075 856 cohaerere
1095 795 1262 874 bonamque
1282 804 1403 856 senten·

228 895 297 954 tiam
322 902 352 953 01
375 894 411 953 ab
435 896 515 953 omni
540 896 612 953 uitio
637 913 760 954 uacuam
784 894 926 973 praehere
954 895 1094 954 uidentur
1118 912 1212 972 coque
1237 895 1330 972 magis
1355 904 1404 954 me

227 1000 342 1050 rectum
372 1011 493 1052 sensum
517 991 655 1068 adeptum
680 1010 745 1051 esse
769 1011 867 1070 spero,
897 993 975 1072 quod
1001 1000 1120 1071 praeter
1143 990 1288 1051 Kochium
1312 993 1404 1052 etiam

227 1088 392 1149 Meinehius
416 1090 484 1150 hist.
509 1092 573 1149 crit.
598 1089 656 1150 nol.
680 1089 692 1148 l
715 1111 743 1170 p.
768 1088 832 1151 233
857 1098 887 1150 01
906 1089 1060 1150 Giintonus
1087 1092 1117 1148 in
1137 1089 1220 1149 lastis
1241 1088 1405 1148 Helionicis

227 1205 255 1264 p.
282 1184 345 1246 103
373 1189 403 1246 in
432 1188 555 1247 eandem
584 1191 760 1247 sententiam
789 1188 972 1268 inciderunt,
1002 1207 1128 1266 quorum
1158 1190 1307 1268 uirorum,
1331 1187 1404 1247 iicet

228 1301 275 1341 me
299 1283 418 1360 quidem
442 1286 473 1343 in
497 1284 551 1344 hac
576 1303 608 1344 re
628 1285 755 1345 iudicem
779 1305 904 1363 prorsus
927 1288 1134 1364 incorruptum
1159 1304 1192 1344 ac
1216 1287 1280 1344 sine
1304 1287 1348 1344 ira
1373 1293 1404 1345 et

228 1379 325 1439 studio
353 1380 567 1460 disceptantem
597 1400 662 1441 csse
691 1385 861 1463 negaueris,
888 1383 964 1443 hanc
993 1383 1041 1443 101
1069 1383 1147 1442 iiiam
1172 1391 1286 1462 portem
1314 1385 1404 1461 sequi

228 1486 278 1537 aut
298 1477 367 1538 huic
387 1479 468 1539 illiue
488 1482 652 1540 sententiae
667 1480 768 1540 101010
786 1481 858 1541 nihil
877 1483 1049 1542 interfuisse
1065 1499 1152 1541 nemo
1173 1499 1231 1540 non
1247 1480 1402 1541 concedet.

723 1676 841 1752 Caput
867 1678 907 1736 Il.

279 1786 393 1852 Num
430 1790 657 1867 utramque
691 1788 869 1852 Plutum
907 1789 1141 1854 habuerint
1181 1789 1346 1852 ueteres

668 1886 949 1966 grammatici.

317 2002 347 2078 ἓ.
372 2000 400 2063 7.
442 2001 639 2070 Quamobrem
669 2006 807 2082 quoniam
836 2003 1008 2065 scholiastas
1037 2023 1139 2064 omnes
1167 2005 1296 2082 priorem
1320 2001 1404 2062 Piuti

225 2102 430 2159 recensionem
460 2100 595 2160 manibus
624 2103 686 2160 suis
715 2109 812 2162 terere
845 2102 901 2161 sibi
929 2105 1010 2162 uisos
1035 2120 1100 2162 esse
1129 2101 1403 2162 demonstrauimus

225 2197 486 2278 probauimusque,
505 2200 563 2257 iam
582 2217 655 2273 eam,
681 2218 755 2276 quae
783 2218 862 2259 nunc
882 2199 1025 2280 oboritur,
1050 2201 1252 2278 quaestionem
1273 2201 1402 2277 suscipi-

142 2356 145 2361 ,
226 2313 310 2354 amus
340 2295 556 2376 explicandam,
585 2315 712 2375 quonam
741 2298 842 2377 mode,
870 2307 904 2357 ut
928 2297 1101 2357 scholiastae
1125 2299 1255 2376 priorem
1278 2295 1403 2356 Plutum

225 2390 323 2469 iogere
344 2391 401 2451 sibi
420 2393 604 2469 uiderentur,
623 2396 755 2471 potuerit
769 2395 913 2454 accidere.
950 2394 1012 2453 lioc
1027 2403 1125 2454 autem
1146 2392 1260 2453 duabus
1280 2395 1400 2470 potissi-

225 2507 305 2548 mum
330 2490 365 2549 de
390 2491 488 2549 causis
512 2490 621 2550 lactum
646 2509 712 2550 esse
735 2492 892 2572 contendo,
916 2492 1015 2572 altera,
1040 2491 1118 2569 quod
1143 2509 1198 2550 nee
1222 2490 1402 2550 scholiastae

227 2604 323 2664 neque
344 2589 380 2668 ei,
399 2587 434 2646 ad
456 2605 530 2665 quos
549 2586 581 2645 hi
600 2605 631 2647 se
651 2587 844 2670 applicabant,
863 2592 1042 2667 interpretes
1062 2597 1180 2648 ueteres
1199 2587 1402 2668 Alexandrini,

225 2683 297 2743 duas
320 2683 399 2744 Piuti
422 2687 613 2743 recensiones
637 2683 773 2744 manibus
800 2689 862 2747 suis
881 2686 1049 2766 uersabant,
1073 2685 1172 2764 altera,
1196 2685 1275 2763 quod
1295 2703 1400 2744 earum

224 2780 403 2861 tabularum,
433 2801 558 2860 quarum
590 2781 680 2841 altera
709 2790 823 2842 tantum
853 2783 942 2843 editio
972 2786 1014 2843 eis
1042 2762 1195 2862 superstes
1224 2791 1316 2860 esset,
1345 2783 1400 2843 sed

225 2895 298 2955 quas
326 2877 371 2938 bis
399 2881 429 2938 in
459 2897 576 2938 scenam
605 2883 776 2940 commissas
805 2900 870 2940 esse
894 2889 1053 2960 constaret,
1084 2898 1115 2939 se
1139 2881 1270 2958 priorem
1293 2897 1399 2939 recen-

223 2976 337 3034 sionem
361 2977 469 3035 nactos'
488 2994 553 3035 esse
582 2978 667 3036 initio
687 2977 789 3037 saltem
814 2978 1018 3057 opinabantur.
1060 2977 1122 3036 lioc
1146 2976 1231 3036 iaciie
1258 2977 1398 3055 quisquis

223 3073 293 3152 erit,
321 3074 385 3150 ipse
413 3075 453 3132 ita
478 3091 544 3132 esse
572 3073 737 3154 intelleget,
767 3073 818 3135 ubi
843 3095 867 3135 e.
891 3095 918 3154 g.
946 3076 982 3135 ad
1007 3074 1175 3135 Callimachi
1200 3073 1235 3133 de
1258 3072 1400 3135 Nubibus

223 3172 399 3230 sententiam
419 3173 450 3230 in
470 3169 561 3230 schol.
581 3171 650 3231 nub.
675 3191 703 3232 u.
723 3169 787 3232 552
807 3181 1065 3233 commemoratam
1085 3181 1114 3232 et
1134 3171 1169 3231 ad
1188 3170 1399 3232 Eratosthenis

223 3265 259 3325 de
283 3266 358 3326 Pace
384 3269 553 3346 opinionem
578 3270 609 3327 in
637 3268 760 3345 argili
789 3279 937 3330 seruatam
968 3272 1134 3350 respexerit
1163 3263 1214 3351 (de
1239 3286 1295 3347 qua
1318 3269 1400 3328 inira

223 3363 318 3424 fusius
341 3359 565 3447 disputabitur).
603 3365 676 3426 lilud
697 3385 779 3445 uero,
803 3387 900 3446 neque
924 3369 1096 3428 scholiastes
1118 3386 1216 3445 neque
1236 3385 1295 3447 eos,
1320 3385 1399 3445 quos

221 3461 263 3521 iiii
289 3463 381 3522 duces
405 3462 620 3543 sequebantur,
653 3471 772 3523 ueteres
800 3464 1233 3543 interpretes,Alexandrinos,
1262 3465 1398 3541 priorem

204 3559 301 3620 'Piuti
320 3563 525 3620 recensionem
545 3558 684 3619 habuisse
701 3567 735 3621 ut
750 3561 865 3622 iaciiius
879 3561 1076 3642 intellegatur,
1096 3562 1224 3638 primum
1240 3559 1397 3637 aliquanti-

222 3674 291 3736 sper
306 3657 493 3717 redeundum
509 3659 566 3716 erit
581 3656 616 3716 ad
628 3657 738 3717 scholia
752 3658 810 3738 iila,
829 3679 912 3740 quae,
924 3668 957 3719 11
971 3668 1068 3719 utram
1082 3657 1202 3717 Plutum
1218 3656 1397 3718 scholiastae

221 3754 372 3835 legissent,
390 3756 617 3834 -inuestigarem,
641 3773 730 3834 supra
749 3759 806 3816 iam
826 3761 965 3838 tractaui3
988 3776 1044 3816 nec
1067 3765 1166 3816 tamen
1188 3773 1396 3832 quaecumque

221 3871 310 3932 supra
339 3856 396 3913 iam
425 3853 561 3932 exposui,
590 3871 624 3912 ea
648 3857 848 3914 nnnc'omnia
873 3857 1083 3933 recoquemuS,
1110 3851 1161 3911 sed
1186 3851 1317 3910 nuncid
1341 3869 1396 3929 po-

152 3985 154 3989 *
220 3952 368 4011 tissimum
387 3949 472 4010 nobis
496 3949 642 4028 agendum
662 3953 728 4031 erit,
751 3960 794 4011 ut
810 3954 852 4011 eis
871 3971 958 4030 quam
978 3952 1200 4010 accuratissime
1219 3951 1395 4010 examinatis

222 4047 256 4106 ad
282 4049 519 4127 antiquissimum
544 4051 628 4125 quasi
651 4049 763 4109 iontem
787 4049 1009 4109 descendamus.

294 4176 321 4244 1)
336 4163 406 4228 Cum
421 4191 470 4229 nos
485 4172 536 4226 illa
547 4175 632 4228 uerba
647 4191 717 4242 quae
733 4179 798 4230 sunt
811 4177 947 4244 πεποίηκε
964 4172 995 4228 δὲ
1011 4177 1066 4229 uei.
1083 4173 1224 4227 alibrario
1237 4173 1395 4241 posteriore

221 4254 332 4310 adiecta
351 4271 411 4309 0000
431 4270 601 4322 censeamus,
620 4255 691 4309 haec
705 4273 815 4324 quoque
833 4257 920 4310 uerbo
938 4253 1050 4308 insertis
1070 4255 1181 4307 demum
1199 4252 1257 4305 illis
1276 4268 1395 4309 eonsen-

219 4337 335 4389 taneum
350 4339 393 4389 est
403 4333 508 4404 scripta
521 4336 636 4389 0000101
650 4337 771 4402 mutata3
786 4338 871 4389 antee.
884 4335 1001 4389 10110000
1011 4334 1170 4404 legebatur:
1189 4330 1251 4402 πρὸ
1267 4331 1394 4390 τούτου

221 4416 290 4485 (τοῦ
310 4412 494 4485 δράματος)
513 4411 578 4477 τοὺς
597 4418 759 4486 Ποταμίους
777 4415 927 4471 διδάσκων.
