2956 5092
243 1287 337 1357 Quam
371 1288 502 1365 antiquis
535 1284 719 1363 temporibus
756 1285 887 1342 omnium
921 1284 1125 1362 Aristophanis
1162 1284 1326 1344 fabularum

148 1389 285 1447 maxime
305 1385 452 1463 placuisse
471 1385 597 1460 ideoque
617 1383 796 1442 creberrime
812 1381 971 1440 lectitatam
986 1400 1052 1441 esse
1067 1382 1185 1442 Plutum
1201 1381 1327 1441 lalndam

147 1492 273 1546 constat
291 1502 360 1543 eum
384 1502 420 1541 en
444 1502 480 1541 eo
499 1484 551 1560 qui
574 1481 643 1539 olim
668 1481 736 1539 huic
762 1479 930 1538 counrediae
954 1483 983 1538 in
1004 1479 1168 1540 lalndarnm
1192 1481 1326 1540 editioni·

147 1583 213 1642 bus
242 1599 404 1640 concessus
433 1581 489 1640 luit
517 1581 611 1658 primo
635 1578 699 1638 loco
733 1571 784 1659 (ei.
810 1578 986 1656 Schneider,
1015 1579 1050 1637 de
1075 1578 1254 1638 scholiorum
1279 1580 1328 1637 Ar.

151 1671 305 1760 tontibus)
330 1689 393 1738 tum
411 1678 490 1756 inde,
514 1677 591 1754 quod
616 1676 726 1736 nullius
750 1677 917 1736 comoediae
942 1677 1172 1754 Aristophaneae
1193 1688 1328 1736 ueterum

151 1785 424 1837 commentatorum
447 1775 587 1834 uberiora
611 1793 698 1852 qnam
722 1777 752 1833 in
776 1774 852 1834 hanc
876 1784 992 1834 exstant
1016 1774 1140 1835 scholia:
1171 1793 1204 1833 ca
1228 1786 1328 1834 nostra

151 1883 252 1934 aetate
279 1892 368 1952 qnam
393 1876 478 1952 parui
506 1874 666 1932 existimari
701 1873 805 1951 soleat,
837 1884 896 1932 tam
928 1872 1159 1933 clarissimorum
1194 1876 1328 1932 uirorum

152 1972 268 2032 indicio
296 1981 367 2032 sunt
395 1974 573 2049 sententiae,
602 1989 675 2048 quas
704 1970 843 2032 collectas
871 1971 962 2030 habes
996 1974 1026 2031 in
1057 1971 1087 2031 C.
1112 1971 1142 2029 F.
1168 1970 1329 2030 Hernnmni

151 2069 255 2129 libello
284 2088 320 2128 eo
344 2072 395 2148 qui
423 2070 585 2145 inscriptus
616 2080 661 2128 est
685 2064 732 2128 ‘de
758 2069 962 2146 Aristophanis
986 2069 1072 2129 Plnto
1096 2064 1217 2147 priore',
1242 2087 1328 2146 qnam

152 2167 236 2246 quod
263 2167 465 2227 Roetscherns
494 2171 524 2227 in
553 2167 629 2226 libro
658 2167 707 2226 illo
739 2169 810 2225 satis
840 2166 936 2244 amplo
970 2186 1057 2245 quem
1086 2170 1253 2246 contraposuit
1281 2163 1329 2225 ‘de

152 2265 354 2343 Aristophane
374 2267 498 2343 eiusque
514 2261 620 2325 aetate'
640 2266 719 2324 Plnti
739 2264 852 2323 labnlae
868 2283 904 2323 ne
921 2268 1101 2324 mentionem
1117 2265 1236 2343 quidem
1251 2265 1329 2323 lecit.

247 2362 291 2422 Ab
320 2363 374 2422 hac
402 2363 581 2422 iudiciorum
610 2365 765 2441 iniquitate
789 2363 954 2441 proiectus,
985 2382 1072 2441 quam
1101 2382 1168 2423 enm
1193 2374 1329 2423 ueterum

154 2463 396 2522 existimatorum
421 2460 506 2519 laude
535 2479 593 2519 non
617 2479 782 2537 congruere
807 2460 938 2540 uidebat,
968 2463 1138 2520 nouissimis
1162 2461 1233 2520 adeo
1259 2472 1329 2520 tem·

152 2557 282 2639 poribus
309 2557 450 2616 Aemilius
479 2557 627 2618 Brentano
657 2554 940 2638 (Untersuchungen
969 2558 1043 2618 iiber
1067 2560 1117 2618 das
1146 2559 1330 2637 grtechisrhe

154 2657 266 2716 Drama
296 2673 324 2733 p.
351 2649 540 2736 109-142)
570 2656 660 2716 herlus
688 2656 911 2715 maleuolentiae
940 2675 1045 2716 causae
1075 2655 1153 2714 unde
1186 2656 1330 2733 petendae

154 2762 270 2832 essent,
293 2755 475 2830 inuestigare
499 2753 627 2831 indeque
652 2753 777 2832 probare
802 2766 925 2813 conatus
945 2765 999 2834 est,
1023 2771 1110 2832 quam
1130 2771 1184 2812 nos
1206 2753 1331 2831 legimus

153 2853 280 2912 Plutum
304 2854 504 2930 superstitem,
528 2870 591 2909 eam
616 2854 709 2929 ipsius
736 2852 940 2930 Aristophanis
965 2852 1090 2911 fabulam
1115 2854 1179 2910 eius
1204 2854 1331 2910 nominis

156 2968 226 3010 esse
256 2967 312 3008 nec
340 2951 471 3026 priorem
500 2967 554 3007 nec
583 2952 787 3029 posteriorem,
816 2951 867 3009 sed
895 2969 910 3009 a
934 2952 1124 3027 grammatico
1149 2952 1248 3009 nescio
1273 2968 1331 3027 qno

156 3047 321 3127 Byzantino
354 3048 539 3124 ineptissimo
575 3065 610 3104 cx
645 3055 768 3124 utraque
803 3050 986 3125 ineptissime
1024 3047 1225 3126 perturbatam
1263 3065 1331 3105 con-

155 3147 402 3225 glutinatamque.
453 3142 533 3201 ldem
567 3146 655 3202 etiam
690 3143 825 3204 Nubibus
858 3146 970 3206 Auibus
1000 3146 1102 3224 Vespis
1139 3156 1226 3224 atque
1259 3146 1331 3205 adeo

155 3245 268 3304 ceteris
287 3241 424 3301 omnibus
448 3241 555 3300 fabulis
574 3241 796 3318 Aristophaneis
821 3243 1029 3323 accidissent
1053 3252 1098 3302 est
1125 3243 1331 3321 eloquentissi-

155 3359 226 3402 mus
245 3340 295 3399 hio
318 3342 366 3399 nir
390 3339 508 3418 doetus,
533 3337 721 3397 blandissime
746 3340 950 3400 demonstrare
975 3341 1096 3401 studuit.

249 3437 330 3507 Quae
359 3440 458 3516 opinio
487 3455 664 3514 quamquam
692 3455 707 3494 a
738 3438 819 3498 nullo
848 3440 883 3498 ad
919 3441 947 3499 id
978 3449 1094 3517 tempus
1130 3439 1208 3516 quod
1242 3441 1332 3498 seiam

155 3536 291 3618 probata,
317 3542 416 3594 tamen
445 3537 614 3612 impugnata
643 3538 734 3612 magis
764 3547 809 3596 est
838 3556 925 3614 quam
955 3538 1089 3598 refutata.
1140 3537 1212 3596 Nam
1241 3547 1274 3597 ut
1302 3540 1332 3597 in

156 3633 309 3694 annalium
346 3651 464 3710 eorum,
498 3631 608 3710 quihus
643 3651 751 3691 nomen
784 3645 829 3694 est
863 3631 1087 3694 ‘Literarischcs
1120 3631 1333 3714 Ceutralblatt’,

156 3732 312 3793 uolumine
336 3734 405 3790 anni
432 3728 516 3791 1872
544 3750 571 3809 p.
596 3729 660 3792 388
689 3750 726 3789 ne
752 3732 838 3809 digna
863 3733 983 3810 quidem
1007 3733 1079 3792 haec
1102 3737 1246 3794 sententia
1267 3752 1332 3793 esse

159 3831 280 3908 dicitur,
301 3847 388 3906 quam
410 3831 476 3906 quis
496 3829 619 3889 refutet:
643 3831 739 3888 itane
760 3828 827 3889 Chr.
847 3829 966 3888 Mustius
985 3830 1103 3908 quidem
1123 3833 1152 3890 in
1174 3826 1333 3892 ‘indicibus

158 3921 359 4008 philologicis'
383 3945 528 3986 annorum
557 3924 640 3986 1872
664 3936 693 3986 et
715 3924 809 4006 1873,
834 3930 969 4004 quamuis
994 3928 1187 3988 uehementer
1211 3949 1278 3989 cunr
1300 3949 1334 3990 ea

159 4026 304 4103 luotatuS,
333 4034 424 4084 totam
453 4043 516 4082 eam
540 4033 732 4102 prosternere
760 4027 865 4101 potuit.
912 4023 971 4083 Neo
1002 4026 1133 4102 proiecto
1158 4030 1241 4105 prins
1265 4047 1333 4106 pro-

160 4131 315 4183 sternetur
344 4141 432 4200 quam
461 4131 511 4181 aut
540 4122 706 4181 Aristotelis
736 4122 772 4180 de
800 4121 950 4200 tragoedia
974 4133 1131 4200 praecepta
1162 4143 1220 4183 non
1245 4129 1333 4186 etiam

160 4221 196 4280 ad
222 4219 404 4279 comoediam
430 4221 585 4279 transferri
608 4238 693 4298 posse
713 4222 895 4297 argumentis
914 4219 1069 4298 prointum
1089 4228 1139 4279 aut
1158 4207 1336 4298 Byzantinos

162 4317 276 4377 fabulas
296 4317 500 4396 conglutinare
518 4327 675 4395 propterea
696 4336 753 4377 non
773 4320 905 4394 potuisse
920 4317 1154 4376 dornonstratunr
1170 4320 1235 4398 erit,
1256 4321 1334 4396 quod

162 4434 252 4476 unam
273 4425 386 4476 tantum
406 4415 587 4475 comoediam
607 4415 643 4475 de
663 4416 765 4476 eadem
784 4434 816 4474 re
836 4417 1033 4494 conscriptam
1054 4415 1234 4475 habuissent.
1272 4415 1334 4475 lloc
