2956 5092
629 327 845 390 ..74-

152 487 226 547 alius
254 495 341 565 atque
370 490 400 548 in
430 488 522 548 altero
547 488 749 568 Thrasybulus
777 489 993 569 intellegendus
1019 493 1070 571 sit,
1099 498 1180 551 certe
1204 508 1263 549 non
1288 489 1324 549 ab

152 586 256 646 eodem
280 595 402 647 auctore
426 586 482 647 hoc
506 594 595 666 atque
619 587 691 647 illud
715 606 808 666 genus
833 590 1034 666 conscriptum
1055 574 1120 648 esse
1140 589 1325 668 apparuerit3

151 683 207 743 hoc
231 702 304 744 uero
328 686 385 742 iam
409 696 496 743 nemo
520 686 591 764 erit,
615 687 687 763 quin
710 684 861 745 concedat.

239 774 270 862 c)
300 781 357 840 Sed
386 781 505 841 tandem
532 781 689 860 aliquando
718 785 871 842 ueniamus
898 784 932 843 ad
963 782 1054 843 uerba
1083 802 1116 842 ea
1141 800 1215 860 quae
1240 791 1324 842 sunt:

151 875 279 956 μᾶλλον
303 871 340 938 bi
363 869 406 938 lto
425 897 474 949 τις
498 869 719 957 ὑπονοήσειεν
738 875 852 959 ἕτερον
872 874 1060 942 Διονύσιον
1081 873 1325 959 Θρασυβούλου

150 975 210 1038 τοῦ
235 971 430 1048 Κολλυτίως
458 968 606 1056 ἀδελφὸν
630 967 695 1057 (al)
725 973 795 1059 (hoe
824 980 889 1038 iure
917 981 1044 1039 inseruit
1071 976 1325 1056 llemsterhusius,

152 1093 240 1153 quem
269 1075 361 1134 ceteri
389 1068 572 1155 sequuntur)
601 1073 733 1153 ἔγγιστα
761 1076 956 1154 συγγενείας
985 1066 1080 1136 εἶναι.
1126 1074 1208 1133 llanc
1232 1074 1325 1151 expli-

150 1174 296 1232 cationem
321 1171 436 1250 Didymi
460 1190 525 1231 esse
549 1191 585 1231 ex
609 1171 837 1251 insequentibus
861 1174 985 1234 euidens
1005 1182 1058 1234 est.
1097 1173 1154 1231 Sed
1176 1171 1324 1249 quomodo

150 1272 214 1329 lieri
228 1272 362 1349 potuisse
378 1269 463 1329 nobis
478 1271 733 1352 persuadebimus,
752 1281 794 1352 ut,
813 1282 969 1352 postquam
985 1271 1020 1332 ab
1036 1270 1188 1349 Apollonio
1208 1270 1324 1346 pridem

150 1387 183 1428 ea
207 1386 282 1446 quae
307 1369 394 1427 unice
418 1375 500 1427 recta
524 1375 569 1428 est
594 1369 749 1447 explicatio
772 1368 808 1427 de
834 1369 971 1449 Dionysio
995 1377 1120 1448 tyranno
1145 1375 1174 1425 et
1197 1365 1324 1444 Thrasy·

149 1464 219 1524 bulo
243 1466 355 1542 patriae
378 1463 537 1524 liberatore
562 1459 654 1547 (haud
679 1469 783 1543 ignoro
806 1466 892 1526 aliter
915 1467 1094 1526 indicauisse
1117 1463 1324 1544 Fritzsehium,

149 1571 261 1640 quaest.
294 1561 442 1639 Aristopb.
475 1581 502 1640 p.
533 1558 613 1644 236)
646 1567 766 1624 inuenta
799 1583 832 1623 ac
865 1564 973 1624 litteris
1006 1561 1140 1621 mandata
1179 1570 1238 1640 est,
1276 1561 1323 1620 Di-

150 1659 268 1738 dymus,
302 1660 348 1717 uir
381 1658 511 1735 alioquin
545 1661 765 1740 sagacissimus,
803 1662 952 1722 recideret
984 1663 1014 1720 in
1047 1660 1323 1736 interpretationem

149 1767 209 1818 tam
233 1758 372 1818 absonam
396 1757 521 1834 uerique
545 1756 718 1816 dissimilem
742 1766 771 1818 et
790 1778 878 1837 quam
899 1758 988 1819 nullis
1007 1757 1184 1818 testimoniis
1205 1757 1322 1816 firmare

149 1853 272 1934 posset?

239 1953 296 2012 Sed
318 1952 388 2030 quid
408 1950 481 2011 dixi!
515 1952 740 2030 Apolloniumne
760 1954 838 2014 illam
861 1955 1085 2034 explicationem
1109 1950 1323 2031 proposuisse?

149 2050 232 2110 Vnde
261 2049 317 2109 boc
347 2047 462 2108 scitur?
503 2049 623 2109 Minime
653 2051 773 2129 quidem
797 2071 832 2111 ex
857 2051 1010 2112 codicibus
1032 2050 1089 2109 hoc
1112 2058 1242 2130 constat,
1271 2049 1323 2110 sed

149 2168 166 2207 e
195 2150 365 2207 coniectura
398 2149 469 2206 satis
501 2156 581 2207 certa
616 2147 696 2208 hunc
724 2151 755 2207 in
784 2150 902 2210 modum
936 2148 1152 2208 emendandum
1184 2155 1238 2207 est.
1289 2145 1322 2205 ln

149 2245 301 2305 codicibus
325 2251 424 2304 autem
448 2247 490 2304 sic
515 2244 638 2323 legitur:
666 2243 794 2323 μᾶλλον
818 2241 855 2307 dt
879 2239 922 2307 dv
944 2266 994 2318 τις
1016 2235 1237 2323 ὑπονοήσειεν
1262 2291 1268 2303 .
1289 2289 1322 2303 ..

149 2341 342 2422 συγγενείας
366 2332 461 2402 εἶναι.
506 2335 562 2402 καὶ
586 2337 623 2402 ἐν
645 2339 684 2423 τῇ
705 2333 824 2403 Ἰλιάδι
848 2338 1053 2424 σαφέστερον
1078 2332 1170 2402 οἶδεν
1193 2329 1214 2419 ἢ
1240 2333 1323 2400 κατὰ

148 2437 317 2517 Alcmeo,
340 2457 416 2516 quae
439 2438 683 2498 Hemsterhusius
707 2441 750 2498 sic
774 2443 924 2520 corrigere
950 2440 1058 2500 uoluit:
1080 2433 1135 2499 καὶ
1160 2434 1196 2498 ἐν
1215 2437 1322 2516 Γηρυ-

150 2529 232 2618 coldp
252 2531 458 2617 σαφέστερον
479 2527 595 2596 οἶδεν(
610 2525 657 2596 Ἢ
671 2527 753 2597 κατὰ
773 2536 941 2617 Δίδυμον·
967 2529 1013 2609 ὡς
1031 2538 1064 2596 εί
1077 2557 1127 2608 τις
1145 2530 1235 2614 λέγοι
1254 2536 1322 2594 κτλ.

150 2634 208 2694 Sed
237 2636 264 2694 ei
292 2641 374 2695 recte
402 2633 474 2693 mihi
503 2637 677 2712 opposuisse
709 2634 829 2695 uidetur
855 2636 888 2696 Ο.
919 2634 1094 2707 Schneider,
1127 2633 1145 2693 l.
1174 2651 1199 2692 c.
1227 2651 1255 2710 p.
1283 2629 1324 2690 14

150 2731 219 2792 huic
243 2732 441 2791 emendationi
465 2731 583 2791 obstare
607 2740 792 2792 constantem
817 2732 1041 2792 scholiastarum
1061 2729 1200 2808 loquendi
1224 2747 1322 2814 usum,

149 2829 313 2890 secuudum
337 2847 440 2909 quem,
469 2829 519 2888 ubi
545 2848 655 2889 nouum
679 2829 825 2889 scholium
849 2832 984 2910 incipiat,
1007 2845 1154 2906 nusquam
1178 2826 1322 2905 particula

148 2918 186 3006 ἥ,
219 2927 270 2986 sed
305 2944 423 3004 semper
456 2918 562 2998 ἄλλως
591 2927 640 2986 uel
669 2921 706 2987 δέ
732 2935 873 3005 usurpata
902 2929 969 2987 sint.
1020 2926 1101 2997 Quae
1130 2933 1228 2984 autem
1257 2926 1321 3001 ipse

149 3025 272 3103 legenda
296 3025 452 3102 proposuit
472 3023 686 3084 Schneiderus:
708 3018 763 3083 καί
788 3020 824 3084 ἐν
848 3018 1026 3104 Γηρυτάδῃ
1051 3018 1113 3102 (uel
1136 3017 1172 3082 ἐν
1197 3012 1322 3100 Δηλιά-

149 3136 220 3201 σιν,
248 3112 323 3200 quae
353 3121 464 3181 Cratini
493 3122 549 3182 luit
577 3119 691 3205 fabula)
720 3117 925 3202 σαφέστερον
948 3109 969 3200 ἢ
991 3112 1136 3180 'bradua
1160 3115 1323 3196 Δίδυμος,

150 3227 184 3279 ut
206 3220 264 3277 iam
289 3236 305 3277 a
324 3217 484 3299 Diodorlio‚
508 3221 560 3297 qui
583 3229 680 3280 tamen
705 3220 840 3280 codicum
864 3218 1022 3279 lectionem
1044 3215 1249 3296 imprudenter
1273 3215 1322 3274 de·

149 3315 256 3395 lendit,
284 3314 462 3394 improbata,
494 3318 534 3376 ita
562 3335 577 3376 a
601 3317 743 3378 Mauricio
772 3315 935 3376 Sclrmidtio
964 3315 1134 3376 felicissima
1162 3312 1322 3374 substituta

149 3415 320 3474 coniectura
344 3431 468 3491 prorsus
492 3415 602 3474 reiecta
627 3424 704 3475 sunt.
742 3413 771 3472 Is
794 3417 873 3473 enim
896 3416 928 3473 in
952 3412 1081 3473 editione
1105 3429 1157 3471 sua
1176 3411 1322 3488 fragmen·

149 3519 248 3572 torum
267 3510 476 3589 Didymeorum
494 3531 522 3590 p.
542 3509 607 3572 290
618 3530 660 3590 sq.
684 3511 797 3572 collatis
823 3513 874 3591 eis,
899 3513 974 3590 quae
999 3510 1136 3588 exposuit
1157 3507 1322 3568 Meinekius

148 3613 178 3670 in
208 3609 339 3669 Analect.
367 3607 506 3668 Alexand.
534 3628 561 3687 p.
588 3607 652 3670 184
680 3611 723 3669 sic
751 3608 942 3668 scribendum
969 3625 1036 3666 esse
1066 3612 1161 3680 recte,
1189 3613 1223 3664 ut
1251 3604 1323 3664 mihi

151 3707 279 3785 uidetur,
302 3707 470 3784 proposuit:
494 3699 549 3767 καὶ
570 3697 792 3777 Ἀπολλώνιος
815 3700 1021 3785 σαφέστερον
1050 3693 1143 3762 οἶδεν
1168 3691 1217 3780 [ἢ]
1241 3698 1323 3761 κατά

150 3799 215 3887 (γε)
235 3799 391 3883 Δίδυμου
416 3821 509 3882 eaque
533 3805 576 3864 sic
600 3804 740 3881 explicat:
764 3802 912 3880 Apollonii
930 3803 1020 3862 huius
1038 3802 1096 3862 loci
1115 3800 1322 3878 interpretatio

149 3903 317 3963 euidentior
351 3909 396 3961 est
429 3919 517 3980 quam
546 3901 662 3981 Didymi
696 3901 852 3980 explicatio
881 3893 1100 3980 (Apollonius
1130 3895 1322 3956 Verstaiudnis

150 4000 203 4060 der
227 3999 317 4060 Stelle
340 4001 379 4060 ist
402 3999 645 4060 einleuchtender
668 4001 709 4058 im
732 3997 899 4058 Verhailtnis
923 4015 960 4056 zu
984 3988 1164 4074 llidymos').

240 4096 298 4156 Sed
322 4106 355 4157 ut
378 4097 481 4157 redeat
503 4100 597 4158 oratio
622 4098 700 4157 unde
724 4096 855 4174 digressa
880 4103 934 4173 est,
960 4092 1106 4172 quomodo
1125 4090 1274 4169 Didymus·
1290 4094 1322 4151 in

150 4194 375 4274 explicationem
399 4201 458 4254 tam
482 4192 622 4253 absonam
644 4194 757 4273 incidit,
782 4210 870 4271 quam
893 4193 957 4270 ipse
981 4189 1162 4250 scholiorum
1182 4188 1323 4250 collector

150 4291 343 4370 Symmachus
366 4290 546 4351 reiciendam
570 4309 635 4350 esse
658 4287 866 4368 intellegeret?
912 4288 987 4369 Hoc,
1010 4284 1208 4347 mihicrede!
1236 4304 1322 4347 num·

151 4407 239 4468 quam
261 4387 491 4468 inuestigabitur
510 4390 568 4449 nisi
587 4389 695 4449 auxilio
715 4387 939 4448 adhibuerimus
959 4405 993 4446 ea
1012 4404 1087 4464 quae
1106 4403 1196 4464 supra
1215 4392 1321 4445 tracta-
