2956 5092
606 370 849 433 -102-

148 533 252 593 similis
276 535 354 613 ueri,
386 532 437 592 sed
463 533 550 591 etiam
574 530 699 591 similior
722 532 851 593 uidetur.
896 522 1065 592 Philochori
1088 532 1166 591 enim
1190 530 1321 607 primum

148 631 249 710 plures
282 648 370 709 quam
398 629 571 689 Dicaearchi
603 628 671 689 libri
702 632 907 709 nominantur,
939 631 969 689 in
998 628 1106 708 quihus
1136 644 1244 687 uersus
1270 626 1321 685 ille

149 728 382 806 Aristophaneus
406 737 654 789 commemoratus
671 715 809 806 'potuerit
833 728 934 787 luisse.
979 726 1097 786 Referri
1120 727 1198 785 enim
1223 733 1323 802 potest

149 826 185 886 ad
218 826 343 887 alterum
376 825 504 885 Atthidis
536 826 658 908 librum,
688 829 719 886 in
747 843 806 904 quo
835 824 871 883 de
900 823 1004 883 diebus
1032 823 1208 902 quibusdam
1236 822 1322 881 lestis

150 942 319 983 sermonem
340 923 431 982 luisse
452 922 615 1001 fragmenta
635 924 752 1003 docent,
771 930 870 1000 potest
885 922 992 981 referri
1006 922 1040 980 ad
1057 923 1178 980 tertium
1192 918 1323 979 Atthidis

149 1021 268 1102 lihrnm,
292 1022 321 1079 in
346 1038 414 1100 quo,
438 1038 505 1078 cum
529 1020 565 1080 de
587 1020 809 1081 Ceramensium
832 1019 918 1079 demo
938 1011 1022 1101 (uide
1042 1019 1078 1078 lr.
1098 1010 1155 1099 72)
1174 1015 1323 1095 agendum

152 1129 245 1199 esset,
279 1120 404 1178 fortasse
433 1119 521 1176 etiam
552 1116 619 1179 τῶν
648 1114 865 1198 Κεραμεικῶν
897 1113 1033 1195 πληγῶν
1066 1116 1177 1174 mentio
1209 1115 1323 1172 inserta

152 1226 206 1297 est,
230 1224 328 1294 potest
352 1215 559 1294 depromptum
583 1235 648 1276 esse
668 1219 756 1281 etiam
776 1236 811 1276 ex
831 1215 906 1275 libro
926 1233 971 1295 eo,
995 1232 1083 1292 quem
1101 1206 1176 1290 περὶ
1196 1205 1324 1289 ἑορτῶν

152 1316 354 1393 inscripserat,
377 1322 476 1391 potest
494 1316 645 1391 pertinere
665 1313 808 1374 etiamad
828 1311 1029 1391 septendecim
1047 1309 1113 1369 illos
1136 1309 1229 1368 lihros
1246 1303 1325 1389 περὶ

152 1410 218 1473 τῶν
238 1403 422 1489 Ἀθήνησιν
447 1402 589 1488 ἀγώνων
613 1414 806 1489 conscriptos.
847 1409 878 1469 Si
901 1418 1054 1487 praeterea
1077 1406 1325 1487 consideraueris,

155 1528 243 1590 (quam
266 1507 359 1567 multo
383 1504 520 1567 crelnius
538 1507 708 1569 Philochori
730 1526 819 1585 quam
838 1505 1009 1566 Dicaearchi
1033 1498 1126 1587 (illius
1147 1506 1249 1563 tricies
1268 1513 1325 1583 ter,

153 1609 243 1668 huius
267 1606 426 1684 quinquies
450 1604 498 1664 uel
523 1599 647 1689 septies)
672 1604 846 1666 scholiastae
864 1604 1046 1663 mentionem
1065 1602 1185 1679 laciant3
1209 1602 1234 1659 si
1253 1618 1324 1659 con-

155 1704 345 1782 sideraueris,
368 1701 540 1761 Philochori
558 1706 773 1785 auctoritatem,
797 1706 854 1763 nisi
873 1702 942 1781 quid
962 1720 1009 1760 mc
1029 1701 1112 1781 sugit,
1136 1720 1187 1760 eos
1206 1717 1326 1777 semper

155 1804 253 1882 sequi,
281 1798 452 1860 Dicaearchi
478 1818 700 1880 nonrnrmquam
724 1802 811 1861 etiam
835 1800 991 1879 repudiare
1016 1800 1103 1857 utin
1126 1797 1216 1858 schol.
1241 1815 1326 1875 uesp.

154 1897 234 1981 5443
257 1900 283 1959 si
301 1897 538 1957 consideraueris
558 1916 623 1957 esse
643 1900 730 1959 etiam
750 1899 848 1959 locum
868 1898 1014 1977 quendam
1029 1899 1059 1955 in
1074 1895 1194 1957 scholiis
1213 1896 1326 1955 Aristo-

155 1999 278 2078 phaneis
297 1988 348 2078 (ad
367 1996 419 2055 du.
433 1987 546 2077 1403),
564 1995 616 2054 ubi
630 1996 708 2055 idem
718 1995 918 2074 Euphronius,
932 2012 986 2073 per
1001 1995 1086 2053 cuius
1096 1993 1327 2053 commentarios

156 2098 219 2155 siue
230 2084 451 2172 ὑπομνήματα
461 2094 548 2152 etiam
558 2092 728 2153 scholllan.
742 2090 826 2153 1093
841 2092 876 2152 ad
891 2110 945 2151 nos
955 2093 1102 2170 peruenit,
1115 2108 1169 2168 per
1181 2088 1327 2149 Hellanici

157 2202 187 2253 et
201 2190 373 2251 Dicaearchi
387 2192 593 2250 auctoritatem
609 2191 813 2271 redarguatur,
833 2208 920 2269 quam
940 2188 977 2249 ob
997 2206 1115 2249 causam
1130 2194 1210 2247 certo
1225 2187 1328 2247 Dicae-

157 2289 240 2351 archi
253 2288 345 2348 libros
360 2289 457 2347 minus
472 2288 629 2366 diligenter
643 2288 805 2367 perlegisse
819 2287 968 2366 putandus
984 2288 1054 2345 erit:
1068 2285 1140 2345 haec
1155 2287 1246 2363 igitur
1256 2303 1327 2344 con-

158 2389 293 2449 siderans
308 2386 344 2446 ad
359 2388 514 2446 ueritatem
529 2388 653 2464 propius
667 2388 829 2445 accessisse
844 2385 916 2445 mihi
929 2384 1042 2461 uideor,
1067 2385 1092 2441 si
1111 2402 1170 2442 non
1189 2401 1205 2441 e
1224 2382 1327 2441 Dicae·

158 2485 249 2565 archi,
268 2483 321 2543 sed
340 2502 376 2543 ex
389 2482 560 2542 Philochori
577 2482 661 2542 lihris
680 2484 877 2562 fragmentum
892 2482 964 2543 illud
978 2481 1063 2542 Pluto
1077 2482 1171 2560 priori
1185 2498 1328 2559 expresse

159 2583 341 2661 adscriptum
360 2598 494 2640 manasse
514 2580 695 2641 contendero
713 2583 843 2660 primum
862 2583 893 2640 in
906 2579 1071 2660 Euphronii
1090 2580 1329 2658 commentarios,

160 2680 266 2740 deinde
291 2698 326 2738 ex
349 2678 395 2738 his
418 2679 449 2737 iu
473 2677 652 2737 scholiorum
676 2680 845 2757 congeriem
869 2696 934 2738 eam
962 2696 1048 2756 quam
1073 2695 1151 2736 nunc
1174 2674 1329 2735 habemus.

327 3557 448 3628 Reliqua
466 3556 549 3611 huius
568 3555 774 3611 dissertationis
793 3572 856 3626 pars
875 3553 1040 3625 propediem
1058 3554 1165 3609 edetur

992 3650 1037 3714 h
1044 3657 1073 3697 t

344 3694 380 3737 ιε
426 3671 560 3775 υμζ]
553 3666 671 3779 ¹²q·l'·'.t
698 3648 915 3762 tritanii
952 3610 1084 3799 Qoth
