2956 5092
622 323 841 387 ..72-

149 487 336 548 scholiastam
359 487 416 547 hoc
440 495 555 548 tantum
579 489 723 565 scriptum
751 485 889 546 uidemus
917 495 997 548 ante
1026 488 1091 548 hoc
1119 488 1262 565 tempus
1289 487 1319 546 in

150 584 317 645 didascaliis
341 583 454 645 nullum
479 587 704 644 commemorari
726 591 843 664 poetam
868 587 1025 664 tragicum:
1054 582 1090 646 ἐν
1114 579 1227 665 μέντοι
1250 592 1319 656 ταῖς

150 679 379 754 διδασκαλίαις
395 674 468 761 πρὸ
488 673 640 742 τούτων
659 678 735 741 τῶν
759 675 913 762 χρόνων
932 675 1043 756 οὐδεὶς
1062 679 1197 764 φέρεται
1211 702 1319 764 τραγι-

148 773 214 852 κός.
253 779 329 839 Sane
353 781 500 840 Incertum
524 788 577 860 est,
601 779 671 858 quid
696 781 735 839 sit
758 775 826 840 ‘hoc
850 776 992 862 tempus’3
1017 782 1067 842 sed
1092 782 1148 841 hoe
1170 783 1228 840 iam
1252 800 1319 840 con·

149 878 238 938 cedes
267 877 440 937 scholiastae
469 877 561 936 uerba
590 879 629 936 ita
658 885 800 957 concepta
828 897 908 958 esse,
936 885 969 938 nt
998 881 1028 938 in
1056 877 1222 938 didascaliis
1250 896 1320 938 sane

149 983 267 1054 poetam
291 976 436 1052 tragicum
460 982 722 1034 commemoratum
741 976 833 1035 fnisse
852 978 918 1035 ueri
937 975 1031 1035 simile
1051 978 1098 1055 sit,
1122 994 1180 1035 non
1201 976 1321 1054 quidem

150 1079 218 1133 ante
242 1073 298 1132 hoo
322 1080 448 1151 tempus,
472 1072 524 1131 sed
548 1080 658 1150 postea.
692 1072 768 1143 Quid
788 1070 901 1150 igitur?
925 1075 951 1132 si
970 1073 1155 1153 Pamphilum
1176 1075 1321 1150 tragicum

150 1188 216 1229 esse
240 1172 354 1250 statuis,
379 1188 450 1229 num
479 1169 550 1248 quid
573 1169 652 1229 aliud
676 1169 855 1249 relinquitur
879 1189 966 1249 quam
990 1179 1024 1230 ut.
1047 1169 1139 1229 nerba
1162 1162 1226 1248 πρὸ
1248 1161 1321 1229 τού-

149 1286 217 1328 των
244 1265 313 1328 τοόν
342 1260 475 1348 χρόνων
499 1267 534 1327 ad
558 1286 668 1327 annum
691 1265 766 1347 408,
789 1268 817 1328 h.
842 1286 866 1328 e.
897 1267 931 1326 ad
955 1269 1064 1346 prioris
1088 1267 1165 1327 Pluti
1189 1275 1323 1344 tempora

152 1365 308 1426 referenda
333 1382 398 1424 esse
422 1364 478 1425 tibi
505 1361 706 1444 persuadeas?
752 1365 794 1426 ut.
819 1364 914 1445 Fuhr,
942 1364 1037 1424 Musei
1061 1363 1195 1424 Rhenani
1218 1364 1276 1424 uol.
1301 1363 1323 1421 V

152 1460 238 1524 1836
263 1482 290 1541 p.
313 1459 389 1522 427.

240 1559 321 1630 Quae
349 1578 418 1620 eum
445 1561 486 1620 ita
514 1563 586 1640 sint,
614 1562 644 1619 in
673 1561 784 1621 scholio
814 1579 932 1640 quoque
966 1557 1031 1621 385
1059 1560 1202 1620 babemus
1230 1563 1322 1621 inter·

150 1665 265 1737 protem
294 1657 441 1717 simillime
470 1656 652 1718 dubitantem
681 1667 769 1737 atque
799 1661 850 1737 qui
876 1659 910 1718 ad
935 1678 963 1718 u.
991 1655 1051 1718 179
1076 1659 1147 1718 baec
1171 1658 1325 1718 adnotauit

151 1754 221 1816 ἔστι
254 1749 291 1816 δὲ
324 1750 385 1827 ἕως
418 1748 601 1827 Διοκλέους
634 1753 688 1834 ἔτη
717 1749 776 1833 ιδ’,
810 1747 893 1817 ὥστε
920 1748 1047 1834 όὶλογον
1075 1753 1130 1816 δια
1159 1746 1324 1835 ὀνόματος

152 1846 258 1933 αὐτὴν
282 1849 445 1933 ἐπαίρειν,
474 1852 527 1911 sed
553 1853 719 1912 certissime
743 1872 802 1913 non
826 1851 1003 1933 dubitasset,
1033 1855 1089 1913 nisi
1112 1855 1244 1932 priorem
1267 1853 1324 1913 sibi

151 1952 251 2030 legere
274 1951 393 2011 Plutum
417 1951 500 2009 uisus
524 1956 611 2008 esset.

241 2046 276 2107 ll.
306 2047 340 2106 ln
362 2046 456 2107 altero
481 2045 559 2125 quod
583 2046 668 2106 attuli
691 2048 803 2108 scholio
827 2049 862 2109 ad
887 2069 914 2110 u.
935 2045 999 2110 550
1022 2048 1100 2108 idem
1125 2048 1323 2109 statuendum.

154 2146 198 2206 lbi
221 2148 299 2206 enim
324 2144 360 2204 ad
384 2143 589 2223 explicandum
612 2144 692 2205 hune
715 2145 920 2224 Aristophanis
944 2161 1078 2206 uersum:

215 2279 309 2368 ὑμεῖς
331 2277 362 2366 γ’
390 2281 483 2366 οἵπερ
506 2278 561 2346 καλ
584 2279 813 2373 Θρασυβούλῳ
838 2281 1026 2348 Διονύσιον
1050 2279 1137 2349 εἶναι
1160 2278 1279 2367 ὅμοιον

154 2449 229 2510 quae
252 2430 417 2490 afferuntur
440 2428 564 2509 scholia,
593 2448 626 2489 ea
650 2432 747 2489 omnia
770 2432 801 2490 in
824 2430 882 2490 duo
906 2432 1072 2491 certissime
1096 2448 1203 2509 genera
1228 2449 1324 2490 secer·

155 2528 250 2589 nenda
275 2535 357 2607 sunt,
381 2526 416 2586 ad
442 2544 568 2605 quorum
591 2527 647 2587 hoe
671 2527 719 2587 uel
743 2527 815 2588 illud
839 2527 953 2606 singula
977 2529 1084 2588 referri
1107 2535 1240 2607 possunt.

244 2622 273 2704 a)
297 2624 394 2704 Atque
414 2624 450 2684 ad
469 2627 598 2703 primum
618 2625 798 2687 scholiorum
818 2645 912 2706 genus
931 2626 1008 2685 haud
1029 2626 1151 2686 dubium
1175 2633 1230 2705 est,
1254 2629 1325 2704 quin

156 2721 298 2785 trahenda
323 2725 382 2783 sint
406 2721 517 2783 scholia
541 2740 588 2802 ea,
618 2743 692 2802 quae
717 2725 847 2785 seeundo
871 2733 902 2784 et
925 2726 1013 2784 tertio
1037 2723 1102 2783 loco
1126 2726 1325 2803 continentur,

156 2839 285 2900 quorum
308 2821 432 2879 lormam
456 2821 648 2898 integriorem
671 2825 702 2881 in
724 2822 774 2881 illo
798 2824 891 2901 magis
910 2840 975 2881 esse
995 2829 1142 2881 seruatam
1161 2822 1325 2899 putandum

156 2921 226 2998 erit,
255 2920 323 2996 quia
354 2917 432 2976 illius
461 2916 597 2976 redactur
621 2917 657 2976 de
681 2918 864 2997 Thrasybulo
888 2925 918 2978 et
941 2919 1079 2997 Dionysio
1100 2937 1130 2978 se
1155 2919 1228 2978 nihil
1251 2922 1325 2980 certi

156 3024 341 3094 compertum
364 3014 474 3074 habere
498 3015 667 3093 profitetur:
697 3011 868 3076 ‘sortasse
896 3019 1031 3094 pertinax
1058 3016 1107 3076 ille
1131 3025 1161 3076 et
1184 3036 1325 3096 arrogans

156 3108 424 3194 (rechthaberisch‘
438 3112 499 3172 und
523 3112 714 3173 anmassend:
738 3112 934 3195 Frohberger,
958 3114 1099 3193 Philolog.
1121 3112 1170 3193 17,
1189 3133 1217 3193 p.
1232 3109 1326 3198 446);

146 3211 288 3289 ¹Dionysii
321 3218 419 3270 autem
450 3209 516 3270 duo
549 3211 876 3292 luisseuidentur,
909 3231 1036 3292 quorum
1068 3211 1160 3272 alter
1187 3220 1252 3272 erat
1279 3216 1326 3273 uir

158 3311 292 3387 insanire,
329 3307 435 3388 alter,
470 3317 508 3368 ut
539 3308 698 3389 uidetur,
731 3305 992 3370 salsamentarius.'
1047 3307 1128 3378 Quae
1162 3307 1253 3369 uerba
1286 3313 1327 3370 in-

158 3426 288 3488 sequens
312 3406 468 3467 scholiasta
490 3408 531 3466 ita
555 3406 739 3486 deprauauit,
762 3415 804 3480 ut,
829 3408 908 3487 quod
926 3407 975 3468 ille
996 3415 1170 3468 cunctanter
1193 3411 1326 3468 enuntia-

157 3514 256 3585 uerat,
279 3505 336 3564 hoo
360 3523 414 3583 pro
438 3513 520 3564 certo
543 3503 718 3566 affirmaret:
746 3500 831 3565 ‘alter
855 3500 887 3587 (i.
905 3509 936 3567 e.
960 3499 1176 3587 Thrasybulus)
1200 3513 1257 3566 est
1280 3509 1327 3567 uir

157 3605 294 3682 pertinax
326 3610 356 3661 et
388 3619 542 3681 arroganS,
574 3601 648 3662 alter
681 3596 866 3685 (Dionysius)
900 3611 954 3663 est
986 3605 1034 3663 uir
1063 3605 1184 3663 insanus
1214 3612 1263 3685 et,
1295 3613 1328 3665 ut

159 3702 291 3780 uidetur,
320 3694 580 3760 salsamentarius.'
626 3699 704 3760 Haec
732 3700 791 3761 duo
820 3701 930 3761 scholia
957 3703 1036 3760 inter
1065 3719 1096 3760 se
1123 3702 1328 3780 coniungenda

159 3817 225 3859 esse
248 3817 303 3877 per
326 3815 358 3856 se
382 3806 516 3876 apparet;
539 3814 636 3876 neque
661 3815 733 3858 uero
753 3817 789 3857 ex
808 3800 911 3859 eodem
931 3817 965 3858 ea
984 3799 1064 3858 fonte
1084 3798 1204 3858 llirxisse
1224 3799 1327 3860 dubito

159 3896 340 3958 contendere
369 3902 457 3973 atque
484 3893 570 3975 illud,
603 3895 682 3974 quod
716 3904 811 3958 exstat
838 3897 873 3957 ad
903 3896 1173 3956 Ecclesiaznsarum
1201 3915 1230 3957 u.
1254 3895 1328 3977 203,

160 3995 211 4054 ubi
229 3993 376 4055 simillime
396 3994 554 4072 scriptum:
574 3978 672 4066 οὗτος
691 3987 959 4076 (Θρασύβουλος)
978 3985 1132 4072 αὐθάδης
1150 3986 1205 4053 καὶ
1225 3992 1327 4075 δωρο-

160 4085 274 4170 δόκος,
306 4082 495 4170 ὑπερόπτης
524 4079 572 4151 όν
604 4089 664 4153 τοῦ
698 4084 814 4172 δήμου.
866 4092 924 4162 Qui
951 4091 1029 4151 illius
1057 4091 1328 4154 Ecclesiazusarum

161 4190 264 4250 scholii
284 4191 368 4268 quasi
387 4207 494 4267 parens
514 4196 568 4266 est,
591 4190 627 4248 ad
647 4189 774 4250 eundem
797 4191 885 4249 etiam
904 4189 1069 4249 secundnm
1088 4192 1269 4268 tertiumque
1294 4191 1329 4251 ad

159 4287 237 4349 Plut.
260 4308 288 4348 u.
308 4283 373 4349 550
397 4285 508 4346 scholia
531 4287 687 4347 referenda
710 4294 788 4347 sunt.

250 4378 284 4466 h)
307 4384 368 4444 lam
387 4383 423 4444 ad
442 4383 564 4444 alterius
583 4387 700 4463 generis
720 4384 830 4446 scholia
849 4385 979 4445 eruenda
998 4384 1181 4464 accedamus
1203 4404 1331 4464 quorum
