2956 5092
637 339 855 402 ..73-

144 503 284 564 formam
308 504 531 581 integerrimam
556 503 639 562 iacile
664 510 794 563 statuere
818 501 888 562 licet
911 502 1030 562 scholiis
1053 505 1149 581 primo
1174 522 1207 563 ac
1227 511 1333 582 quarto

146 603 238 663 inter
257 619 289 661 se
310 603 496 679 comparatis.
533 600 673 680 Exceptis
693 602 772 660 enim
791 601 895 678 primis
920 602 1076 678 utriusque
1103 600 1206 660 scholii
1231 601 1359 662 uerbis·

147 701 227 760 inde
258 719 273 759 a
303 698 455 759 uocabulis
486 689 530 770 ὡς
559 700 664 771 εἴτις
691 693 782 776 λέγοι
810 701 908 758 omnia
936 698 971 757 ad
1006 697 1131 758 uerbum
1164 709 1335 777 congruunt

152 817 226 858 cum
256 797 367 858 scholio
399 799 577 876 posteriore,
611 797 689 874 quod
718 797 881 856 secundum
910 814 977 855 eum
1006 797 1058 874 qiri
1086 797 1116 854 iu
1150 797 1332 856 scholiorum

153 895 332 956 collectione
357 893 488 954 Parisino
516 901 654 972 receptus
684 901 729 953 est
757 894 891 953 ordinem
920 895 1023 971 incipit
1052 912 1067 952 e
1096 893 1173 954 linea
1191 891 1247 954 40:
1276 895 1333 955 καλ

154 989 193 1055 ἐν
218 989 259 1073 τῇ
281 983 406 1052 Ἰλιάδι.
452 991 592 1051 Praetera
616 990 739 1050 dubium
764 1010 823 1050 non
847 1000 905 1071 est,
930 991 1083 1070 quinhuc
1107 991 1250 1052 trahenda
1274 994 1333 1052 sint

154 1093 247 1151 etiam
271 1089 362 1149 uerlm
386 1107 461 1167 qliae
485 1097 568 1148 sunt:
591 1079 612 1168 ἢ
638 1080 689 1148 ὅτι
714 1079 731 1148 ὁ
756 1081 817 1167 μὲν
841 1083 1025 1160 Διονύσιος
1048 1081 1224 1167 τύραννος,
1248 1090 1332 1171 Θρα-

154 1181 325 1267 σύβουλος
349 1180 386 1247 δὲ
410 1179 600 1266 ὃημοφιλής
623 1195 652 1246 et
676 1185 787 1246 scholia
812 1188 948 1265 quintum
972 1194 1002 1248 et
1026 1188 1185 1264 septimum
1209 1196 1239 1247 et
1258 1190 1333 1247 sexti

154 1284 327 1362 dimidium3
360 1284 486 1344 alterum
518 1284 672 1344 dimidium
705 1284 740 1343 ad
774 1285 904 1362 primum
937 1302 1031 1362 genus
1060 1284 1249 1344 referendum
1278 1293 1331 1346 cst.

155 1383 237 1442 llaec
266 1381 377 1441 scholia
406 1384 502 1441 omnia
532 1401 600 1442 cum
628 1380 729 1441 uerbis
760 1388 821 1440 tum
850 1381 941 1441 rebus
970 1389 1029 1442 tam
1058 1381 1163 1440 similia
1192 1384 1270 1441 inter
1299 1402 1331 1442 se

155 1486 241 1559 sunt,
274 1487 308 1539 ut
336 1480 400 1538 sine
432 1478 521 1538 dubio
550 1498 585 1538 ex
614 1479 717 1537 eodem
746 1480 831 1556 quasi
859 1479 940 1538 tonte
970 1480 1102 1539 deriuata
1136 1497 1169 1538 ea
1198 1497 1263 1538 esse
1292 1482 1332 1540 ita

155 1577 323 1657 putandum
347 1578 398 1656 sit,
422 1584 455 1636 ut
478 1577 568 1636 buius
592 1576 696 1637 scholii
720 1583 823 1635 auctor
844 1576 930 1654 plura
954 1574 1134 1656 diligentius,
1158 1577 1237 1636 illius
1261 1597 1331 1656 pau-

158 1677 242 1736 ciora
265 1674 472 1752 neglegentius
497 1675 687 1751 excerpserit.

248 1773 417 1850 Dispertitis
445 1791 524 1831 nnnc
552 1772 640 1831 huius
669 1789 787 1849 quoque
816 1773 934 1848 generis
964 1771 1084 1831 scholiis
1113 1773 1201 1832 etiam
1225 1792 1261 1832 ex
1284 1774 1331 1834 bis

156 1871 344 1950 colligamuS,
373 1870 519 1948 quomodo
549 1888 651 1930 eorum
680 1871 794 1948 primus
822 1878 926 1930 siccior
955 1870 991 1929 de
1015 1868 1199 1948 Thrasybulo
1224 1874 1333 1950 cogita·

156 1971 248 2048 uerit,
272 1987 330 2048 quo
351 1967 531 2027 luculentius
550 1976 688 2046 appareat
708 1976 788 2027 recte
809 1986 841 2026 ea
862 1987 936 2046 quae
958 1967 1054 2026 adbuc
1074 1971 1201 2028 tractaui
1222 1970 1333 2031 scholia

156 2069 189 2127 in
213 2067 272 2126 duo
296 2084 405 2144 genera
429 2066 522 2125 diuisa
547 2083 643 2144 neque
667 2065 703 2124 ad
727 2083 820 2125 unum
844 2065 934 2125 relata
959 2083 1033 2125 esso,
1080 2064 1116 2126 Vt
1143 2068 1222 2127 euim
1250 2067 1332 2129 illius

157 2164 431 2224 Ecclesiazusarum
464 2163 568 2223 scholii
596 2169 749 2241 parentem
777 2165 864 2223 etiam
895 2164 1058 2224 secundum
1087 2166 1268 2244 tertiumque
1297 2169 1332 2227 ed

157 2261 237 2320 Plut.
261 2256 326 2321 550
350 2260 461 2319 scholia
485 2261 687 2338 composuisse
711 2260 872 2321 similitudo
897 2263 1052 2340 docuerat,
1080 2264 1121 2322 ita
1149 2282 1164 2321 a
1192 2282 1251 2342 quo
1275 2265 1332 2324 hee

159 2366 339 2437 conceptum
370 2367 430 2439 est,
457 2376 525 2418 eum
553 2365 635 2418 certe
662 2377 721 2417 non
750 2361 906 2438 scripsisse
934 2359 1056 2419 alterius
1080 2363 1198 2437 generis
1222 2363 1332 2423 scholia

159 2456 369 2518 dissimilitudo
389 2455 568 2515 iudiciorum
587 2456 623 2515 de
638 2455 821 2535 Thrasybulo
842 2458 987 2518 laetorum
999 2456 1198 2536 Dionysioque
1218 2459 1333 2523 elamat.

160 2556 219 2627 Qui
243 2556 322 2614 euim
346 2556 469 2632 cogitari
493 2560 603 2634 petest,
633 2553 668 2612 ab
697 2553 800 2614 eodem
825 2563 945 2616 auctore
970 2554 1096 2614 eundem
1121 2557 1220 2615 ulrum
1246 2548 1332 2618 mo'do

158 2642 398 2731 ἀξιωματικόν,
423 2641 575 2729 αὐθάδη,
599 2642 789 2730 descrimen
812 2650 873 2713 τοῦ
897 2644 1014 2731 δήμου,
1040 2651 1125 2710 mode
1151 2650 1332 2735 ὃημοφιλῆ,

127 2750 136 2760 ’
160 2747 303 2831 ἐραστὴν
332 2752 391 2828 τῆς
421 2746 658 2827 δημοκρατίας,
687 2742 882 2828 φιλόπολιν,
911 2740 1035 2820 παντὸς
1063 2742 1168 2828 λόγου
1195 2750 1331 2831 κρείττω

161 2842 323 2926 appellari?
359 2845 417 2904 Sed
441 2846 511 2924 quid
536 2842 662 2924 loquor?
686 2846 812 2907 eundem
838 2850 936 2908 uirum
960 2855 1078 2925 tamquo
1103 2847 1331 2912 celeberrimum

160 2947 190 3005 in
219 2945 440 3004 aestimationes
469 2952 528 3003 tam
554 2951 615 3003 teto
639 2944 719 3004 caelo
744 2945 877 3005 diuersas
901 2948 1056 3006 incurrere
1080 2963 1179 3006 nonne
1204 2948 1252 3007 uel
1276 2950 1332 3010 hoc

161 3060 304 3122 perquam
340 3043 405 3101 ueri
438 3041 580 3101 dissimile
613 3039 679 3102 est?
728 3043 799 3103 Mihi
832 3043 952 3121 quidem
985 3042 1118 3122 uidetur,
1156 3041 1332 3125 quamquam

160 3139 398 3216 FrehbergeruS,
426 3138 567 3217 Philolog.
593 3137 643 3220 17,
666 3138 730 3201 446
755 3141 790 3200 ad
820 3141 946 3200 eundem
970 3143 1067 3200 omnia
1091 3144 1203 3219 patriae
1227 3143 1332 3204 libera·

162 3247 256 3299 torem
277 3239 427 3316 pertinere
447 3238 562 3316 statuit;
581 3245 669 3316 atque
688 3240 728 3298 ita
747 3247 781 3298 ut
799 3237 871 3297 mihi
891 3238 1039 3318 uideatur,
1057 3237 1129 3298 illud
1145 3243 1333 3318 potissimum

161 3354 207 3396 me
232 3334 361 3413 adducit,
385 3333 464 3412 quod
488 3351 562 3412 quae
587 3335 704 3414 collegit
722 3334 947 3414 Frohbergerus
967 3335 1003 3394 de
1022 3334 1205 3415 Thrasybulo
1224 3339 1333 3400 iudicia

161 3436 275 3512 iniqua,
307 3450 340 3492 ea
369 3432 431 3491 lere
460 3433 556 3490 omnia
585 3441 704 3510 praeter
727 3433 830 3512 Lysiae
859 3435 1008 3494 orationes
1036 3431 1082 3490 his
1107 3432 1333 3497 scholiastarum

160 3532 340 3592 testimoniis
370 3531 568 3590 continentur.
620 3529 800 3592 Scholiastae
833 3540 947 3611 autem,
981 3531 1119 3610 quoniam
1153 3549 1189 3590 ex
1221 3533 1332 3594 Aristo·

160 3629 268 3709 phanis
298 3627 398 3688 uerbis
430 3645 577 3704 nusquam
609 3636 744 3707 apparet,
776 3636 876 3689 utrum
907 3628 1081 3708 Collytensis
1111 3647 1148 3688 au
1179 3628 1333 3693 Stiriensis

161 3725 379 3803 intellegendus
408 3727 460 3805 sit,
490 3743 588 3784 nonne
616 3727 704 3785 etiam
732 3725 768 3787 de
793 3726 953 3806 Collytensi
983 3728 1111 3804 cogitare
1140 3726 1175 3785 ad
1204 3745 1332 3807 eumque

162 3825 343 3904 pertinentia
368 3821 505 3901 colligere
530 3831 700 3902 potnerunt,
724 3825 760 3884 de
785 3843 842 3902 quo
867 3843 936 3885 sane
962 3824 1038 3902 apud
1063 3822 1178 3901 Lysiam
1203 3817 1332 3906 (26,13

161 3928 192 3982 et
220 3916 291 4001 23),
322 3918 497 3980 Aeschinem
526 3915 670 4001 (Ctesiph.
698 3920 726 3997 ἓ.
752 3917 845 4002 138),
873 3920 1099 3981 Demosthenem
1131 3914 1175 4002 (in
1203 3920 1330 3983 Timoer.

160 4040 188 4100 p.
214 4015 287 4097 742,
316 4017 345 4094 ξ.
372 4014 447 4098 134)
480 4018 547 4078 talia
580 4020 738 4079 memoriae
770 4019 887 4097 prodita
919 4026 1001 4098 suut,
1038 4026 1072 4078 ut
1105 4018 1349 4103 scholiastarum?

159 4116 270 4178 iudicia
289 4117 390 4194 iniqua
409 4134 468 4175 non
487 4118 580 4196 magis
599 4116 634 4176 ad
654 4116 828 4177 Stiriensem
848 4135 936 4196 quam
955 4117 991 4176 ad
1009 4115 1206 4194 Collytensem
1224 4119 1333 4179 referri

160 4216 286 4295 possint.
333 4213 391 4273 Sed
415 4232 474 4273 non
499 4224 544 4274 est
567 4224 617 4274 aut
642 4233 740 4274 meum
763 4224 814 4276 aut
836 4216 926 4276 hriius
949 4214 1005 4274 loci
1029 4213 1105 4273 hauc
1130 4217 1333 4292 quaestionem

162 4312 340 4391 diiudicare3
369 4313 440 4370 satis
464 4320 509 4371 est
533 4331 597 4372 eam
620 4314 761 4391 tetigisse.
807 4311 850 4372 Ad
874 4313 913 4392 id,
936 4311 1013 4391 quod
1038 4310 1124 4371 uobis
1147 4315 1332 4391 propositum

162 4417 240 4487 erat,
268 4411 340 4468 satis
364 4409 501 4470 ellectum
525 4411 595 4490 erit,
624 4409 688 4490 ubi,
716 4412 742 4470 si
765 4428 824 4470 nen
848 4412 878 4470 in
901 4409 993 4471 altere
1018 4409 1199 4470 scholiorum
1222 4430 1331 4489 genere
