2956 5092
655 363 876 428 ..65..

147 527 257 606 anni,
286 543 363 604 quos
387 543 481 603 usque
505 525 540 584 ad
564 524 694 585 Dioclem
719 525 890 586 archontem
914 528 1103 604 praeteriisse
1127 525 1283 586 scholiasta
1307 546 1350 586 ra·

148 625 259 684 tione
287 625 361 683 inita
387 624 511 683 inuenit.
557 622 666 683 Dioclis
693 626 784 702 igitur
807 641 883 682 anno
909 622 982 682 nihil
1006 625 1165 702 significari
1188 625 1350 703 putandum

151 720 674 799 (11111111111111111111111111
692 720 865 781 scholiastae
885 724 1031 781 sententia
1050 721 1155 781 Plutus
1175 723 1206 781 in
1232 741 1352 782 scenam

155 820 347 889 commissa
362 820 409 897 sit,
432 817 462 877 id
487 818 566 896 quod
590 821 699 897 optime
724 822 953 896 congruit‘cum
977 838 1012 879 eo
1036 838 1122 900 anno,
1147 839 1234 898 quem
1262 839 1351 899 supra

160 917 400 995 computatione
424 915 662 976 definiueramus.

267 1014 380 1074 Eodem
404 1032 480 1072 anno
504 1013 622 1074 Plutum
642 1017 772 1092 priorem
792 1014 908 1074 doctam
930 1033 996 1074 esse
1015 1017 1103 1074 etiam
1122 1017 1350 1097 inuenissemus,

167 1115 207 1172 si
232 1111 419 1173 scholiastam
444 1108 811 1173 19121111111111111
840 1131 982 1172 essemus.
1029 1112 1056 1171 ls
1083 1116 1161 1172 enim
1186 1114 1350 1175 secundum

170 1205 388 1270 Philochorum
413 1216 566 1268 senatores
590 1204 627 1268 ἐν
655 1206 700 1294 τῷ
729 1200 793 1286 πρὸ
816 1202 939 1270 τούτου
972 1204 1049 1292 (scil.
1079 1203 1259 1292 δράματος)
1287 1211 1351 1272 ἔτει

174 1300 259 1369 κατὰ
287 1300 422 1387 γράμμα
454 1307 558 1366 sedere
587 1309 720 1385 coepisse
749 1313 961 1366 commemorat
988 1306 1146 1385 paulloqne
1174 1319 1241 1386 post
1271 1309 1350 1368 hunc

182 1424 288 1466 annum
317 1407 485 1466 accuratius
513 1405 616 1464 definit
639 1405 793 1483 Glaucippi
821 1404 972 1463 archontis
1000 1407 1118 1463 nomine
1142 1405 1237 1485 allato,
1261 1424 1349 1483 quem

184 1501 290 1584 1192,
319 1498 494 1583 3=410s9
523 1503 694 1562 archontem
724 1503 816 1562 luisse
846 1521 861 1560 1
886 1501 1006 1560 Diodori
1024 1500 1090 1560 Xlll
1114 1499 1156 1562 43
1181 1503 1348 1569 edocemur.

182 1599 231 1660 Est
257 1603 350 1680 igitur
381 1619 488 1661 reuera
521 1599 701 1679 Glaucippus
730 1603 768 1681 ie,
800 1601 851 1677 qui
881 1606 948 1658 ante
982 1599 1112 1658 Dioclem
1145 1603 1349 1677 magistratum

182 1717 357 1778 eponymum
380 1698 517 1759 obtinuit.

265 1797 295 1874 ἓ.
320 1795 350 1858 2.
392 1797 559 1857 Constituto
587 1813 667 1855 nunc
695 1795 852 1872 utriusque
880 1792 960 1852 Pluti
992 1795 1176 1854 recensionis
1199 1814 1276 1855 anno
1299 1799 1348 1876 ita,

181 1903 211 1954 ut
235 1898 368 1974 priorem
397 1913 473 1954 anno
497 1890 607 1975 409l8,
634 1893 830 1971 posteriorem
853 1910 930 1950 anno
954 1887 1049 1971 389s8
1073 1894 1104 1951 in
1128 1910 1246 1952 scenam
1270 1913 1347 1953 com·

180 1993 297 2052 missam
317 2010 383 2052 esse
402 1991 566 2071 putandum
585 1993 634 2070 sit,
656 1992 713 2048 iam
734 1989 901 2048 accedimus
920 1990 955 2049 ad
981 1991 1184 2068 quaestionem
1208 1995 1347 2069 grauissi-

178 2107 252 2149 mam
281 2089 378 2167 deque
402 2107 460 2167 qua
484 2090 562 2148 inter
587 2089 667 2146 uiros
691 2086 794 2145 doctos
817 2106 922 2165 magna
946 2097 991 2146 est
1014 2088 1173 2148 dissensio:
1203 2109 1347 2167 quaeren-

178 2186 246 2246 dum
266 2166 346 2246 enim
371 2205 450 2246 nunc
470 2195 524 2267 est,
548 2194 644 2245 utram
669 2186 859 2262 superstitem
879 2185 977 2260 legere
997 2185 1052 2244 sibi
1072 2188 1130 2245 nisi
1150 2189 1209 2246 sint
1227 2195 1346 2247 ueteres

175 2285 355 2362 interpretes
378 2284 458 2344 Pluti
481 2285 649 2344 editionem.
1404 2355 1407 2362 Ι

264 2381 361 2460 Atque
381 2383 407 2441 si
426 2401 499 2459 1111,
519 2399 593 2460 quae
615 2379 729 2440 labulae
749 2379 878 2456 praefixa
898 2386 951 2460 est,
976 2380 1164 2440 didascaliam
1184 2384 1345 2463 sequimur,

172 2481 372 2558 posteriorem
397 2499 428 2539 se
448 2488 575 2539 tractare
595 2477 714 2538 Plutum
738 2475 967 2538 arbitrabantur.
1009 2476 1042 2536 ln
1066 2487 1240 2556 argumento
1265 2483 1344 2539 enim

173 2585 281 2655 quarto
306 2580 349 2636 111
369 2580 512 2656 scriptum
533 2577 671 2655 legimns:
695 2567 856 2653 ἐδιδάχθη
877 2568 928 2634 ἐπὶ
948 2566 1109 2654 ἄρχοντος
1120 2565 1345 2659 Ἀντιπάτρου,

172 2665 488 2754 ἀνταγωνιζομένου
507 2665 595 2757 αὐτῷ
619 2665 834 2752 Νικαχοίρονς
851 2673 917 2732 κτλ.
937 2671 1127 2732 τελευταίαν
1151 2666 1188 2732 δὲ
1208 2667 1344 2749 διδάξας

171 2763 234 2852 τὴν
258 2770 440 2856 κωμῳδίαν
462 2765 587 2851 ταύτην
610 2765 661 2831 ἐπὶ
685 2767 729 2854 τῳ
755 2767 830 2853 ίδίῳ
855 2761 993 2848 ὀνόματι
1016 2771 1083 2832 κτλ.
1124 2770 1199 2830 Huic
1224 2773 1343 2850 quidem

173 2872 339 2930 sententiae
367 2889 427 2929 non
457 2878 623 2950 repugnant
654 2869 702 2927 alii
726 2866 893 2945 complures
917 2867 1101 2946 scholiastae,
1125 2872 1175 2946 qui
1199 2871 1229 2928 in
1252 2870 1343 2930 rebus

175 2986 209 3028 11
228 2970 406 3046 posterioris
429 2968 613 3048 temporibus
635 2966 715 3025 Pluti
738 2968 975 3025 commemoratis
994 2985 1031 3026 ne
1049 2968 1204 3026 minimum
1224 2968 1342 3045 quidem

174 3066 340 3146 offendunt,
365 3085 439 3145 quos
468 3085 537 3126 sane
566 3067 731 3124 offensuros
760 3063 850 3122 luisse
874 3064 1052 3143 putandum,
1084 3066 1109 3123 si
1132 3066 1263 3143 priorem
1286 3066 1343 3126 sibi

173 3163 293 3225 Plutum
312 3163 411 3242 legere
430 3165 488 3223 nisi
507 3170 615 3223 essent.
653 3161 701 3220 Sic
720 3163 751 3220 in
775 3161 886 3220 scholio
908 3161 943 3220 ad
964 3181 992 3221 1,
1014 3159 1076 3222 173
1096 3165 1192 3240 primo
1211 3165 1341 3243 itemque

172 3263 201 3321 in
231 3262 363 3322 secundo
392 3262 427 3321 ad
456 3262 583 3322 cundem
612 3279 734 3320 uersum
761 3267 790 3318 et
812 3261 881 3320 inde
905 3279 920 3319 a
944 3267 1049 3337 quarto
1073 3278 1168 3337 usque
1193 3260 1228 3319 ad
1252 3262 1341 3321 finem

171 3358 264 3419 uerba
288 3377 322 3418 ea
342 3378 416 3438 quac
436 3368 518 3419 sunt:

349 3483 386 3552 τὸ
407 3483 438 3552 δ’
456 3488 492 3552 ἐν
511 3491 673 3575 Κορίνθῳ
693 3484 824 3565 ξενικὸν
843 3481 903 3570 οὐχ
922 3475 1019 3561 οὗτος
1037 3483 1163 3572 τρέφει,

169 3643 211 3704 111
240 3641 438 3722 explicantur,
470 3652 504 3702 ut
533 3643 655 3703 dubium
684 3661 743 3702 non
771 3641 922 3722 uideatur,
948 3644 1019 3720 quin
1049 3644 1100 3720 qui
1128 3661 1162 3701 ea
1187 3645 1340 3720 scripserit.

170 3747 222 3800 aut
245 3738 368 3800 alteram
392 3759 423 3800 se
448 3739 567 3801 Plutum
590 3741 689 3818 legere
713 3740 873 3800 arbitratus
893 3741 931 3799 sit
949 3748 1000 3799 ant
1018 3741 1128 3818 prioris
1148 3758 1184 3799 ne
1204 3743 1338 3800 notitiam

170 3837 291 3915 quidem
313 3836 465 3917 babuerit,
489 3839 531 3897 sic
554 3855 644 3916 porro
668 3839 699 3895 in
718 3836 838 3897 scholiis
862 3837 897 3896 ad
921 3834 1063 3916 11114,
1086 3834 1157 3918 116,
1175 3835 1246 3917 180,
1265 3835 1339 3918 290,

169 3930 245 4011 303,
268 3930 343 4014 314,
365 3929 430 3994 515
454 3933 490 3993 de
514 3933 666 4012 Pamphilo
684 3934 897 4014 Agyrrhioquc,
921 3933 956 3992 de
981 3933 1145 4015 Timotheo,
1168 3932 1339 4016 Philoxeno,

169 4030 324 4091 Philonide
348 4031 444 4110 deque
468 4031 586 4091 Cereris
614 4037 731 4093 nomine
760 4052 796 4093 eo
825 4030 903 4110 qnod
932 4037 977 4089 111
1001 4023 1084 4110 Δηώ
1107 4034 1147 4092 111
1171 4035 1282 4114 agitur,
1305 4041 1339 4094 ut

170 4129 197 4187 ei
226 4130 278 4207 qui
305 4130 425 4207 scripsit
460 4147 491 4188 se
525 4128 645 4190 alteram
677 4130 883 4208 Aristophanis
916 4126 1042 4187 labulam
1077 4128 1211 4189 manibus
1239 4138 1337 4191 terere

168 4234 305 4304 apertum
334 4226 426 4286 luisse
454 4226 604 4308 uideatur,
632 4230 690 4287 nisi
718 4228 793 4288 lorte
823 4245 874 4287 eos
902 4224 1050 4304 duplicem
1069 4225 1149 4286 Pluti
1176 4227 1337 4289 editionem

169 4326 289 4384 omnino
317 4326 470 4402 ignorasse
498 4331 629 4385 statuere
657 4327 760 4386 mauis.
807 4323 1337 4386 1111111111111111111111111111111

169 4441 234 4482 esse
262 4422 431 4502 uideretur,
462 4425 600 4501 quoniam
627 4424 700 4484 haec
729 4421 839 4485 scheba
867 4422 1022 4482 maximam
1047 4430 1162 4499 partem
1185 4440 1245 4481 non
1268 4422 1336 4482 talia

219 4533 400 4572 Dissertationes
413 4533 528 4575 lonenses.
549 4535 590 4573 IV.
1107 4525 1123 4573 ὅ
