2956 5092
614 320 859 425 -1014

151 523 283 585 Koclxius
308 524 536 603 comparandum
552 524 718 601 'adscripsit
738 521 892 600 Sophoclis
917 522 1079 598 Antigonae
1104 539 1226 580 uersum
1250 517 1324 600 800,

152 624 210 701 cui,
239 623 264 680 si
287 640 362 699 opus
386 622 484 702 fuerit,
512 623 601 706 etiam
624 619 996 697 Thesmophoriazusarum
1026 634 1132 677 uersus
1157 613 1221 677 975
1248 616 1325 681 adici

152 727 259 798 potest.
306 717 364 777 Sed
390 727 515 796 uterque
545 718 627 777 locus
655 726 714 778 tam
739 717 851 777 alienus
875 735 890 776 a
913 715 992 775 Pluti
1016 722 1189 793 argumento
1213 723 1267 795 est,
1291 723 1325 774 ut

152 834 190 876 ne
220 824 432 876 commutatum
462 815 581 893 quidem
609 815 734 875 alterum
767 825 868 875 utrum
902 831 969 874 cum
996 811 1083 872 Pluto
1110 812 1322 890 Aristophaneo

153 916 290 974 conicere
319 914 385 990 quis
414 915 504 993 ausit3
532 931 569 972 ne
596 915 626 972 in
655 912 741 972 Pluto
772 912 892 990 quidem
920 912 982 989 ipsa
1007 909 1084 969 ullus
1114 917 1209 970 exstat
1231 909 1323 990 locus,

156 1010 208 1070 uhi
235 1029 339 1070 uocem
364 1004 530 1090 ἐμπαίζειν
554 1012 658 1088 reponi
681 1011 789 1090 possit,
813 1027 879 1068 cum
904 1007 940 1068 de
963 1010 1028 1087 ipso
1052 1025 1141 1067 uersu
1166 1002 1241 1088 557,
1264 1025 1322 1084 quo
1418 1023 1421 1028 ·

152 1126 212 1166 uno
232 1107 297 1166 loco
317 1126 372 1167 uox
389 1106 493 1167 similis
509 1109 638 1167 notionis
657 1108 819 1186 inuenitur,
838 1105 887 1166 uel
905 1106 1003 1166 hiatus
1018 1107 1147 1183 cogitare
1162 1123 1216 1164 nos
1231 1113 1321 1165 uetet.

244 1213 322 1272 Nihil
341 1216 431 1291 igitur
450 1213 639 1294 relinquitur,
664 1215 719 1273 nisi
738 1220 772 1272 ut
791 1211 914 1271 candide
934 1211 969 1270 de
989 1211 1045 1270 hoc
1064 1212 1229 1289 fragmento
1250 1211 1323 1271 nihil

151 1313 268 1391 liquere
292 1312 493 1372 confiteamur.
534 1310 595 1371 Nec
615 1329 687 1370 uero
711 1310 765 1370 hac
784 1309 971 1370 confessione
991 1327 1039 1368 res
1063 1326 1098 1367 eo
1122 1308 1248 1370 deducta
1268 1317 1322 1391 est,

151 1420 186 1470 ut
209 1412 283 1469 ratio
312 1418 413 1468 nostra
441 1408 478 1467 de
501 1408 587 1469 Pluto
611 1412 710 1487 priore
734 1405 998 1467 Alexandrinorum
1022 1412 1116 1465 aetate
1140 1408 1198 1466 iam
1218 1408 1321 1486 deper-

151 1509 213 1567 dita
237 1509 335 1566 statim
359 1505 511 1566 abicienda
535 1509 580 1567 sit.
628 1505 659 1564 Si
683 1513 796 1584 septem
820 1503 982 1580 fragmenta
1005 1502 1078 1562 falso
1100 1503 1186 1564 Pluto
1209 1504 1320 1565 Aristo·

148 1605 281 1682 phaneae
301 1604 449 1680 adscripta
469 1621 534 1662 esse
558 1605 762 1682 cognouimus,
785 1608 883 1661 nonne
902 1602 990 1660 etiam
1010 1600 1046 1659 de
1068 1611 1172 1662 octaua
1191 1605 1321 1682 suspicio

147 1701 235 1762 nohis
259 1697 395 1761 orietur?

239 1806 267 1882 ξ.
287 1804 339 1866 20.
375 1805 485 1866 Eorum
506 1808 595 1884 igitur
614 1807 856 1886 fragmentorum,
876 1823 951 1881 quae
970 1804 1056 1865 Pluto
1075 1805 1190 1866 fahulae
1210 1806 1320 1885 simpli·

152 1908 229 1964 citer
248 1905 395 1982 adscripta
414 1914 493 1983 sunt,
512 1903 626 1963 nullum
645 1902 821 1962 dubitationi
839 1913 1008 1979 exemptum
1027 1911 1078 1962 aut
1096 1903 1235 1963 idoneum
1254 1921 1320 1964 esse

149 2001 359 2081 intelleximus,
376 2019 435 2078 quo
454 2001 643 2081 adducamur,
663 2009 696 2059 ut
714 2002 801 2059 etiam
821 2007 889 2077 post
902 1999 1167 2059 Alexandrinorum
1186 2009 1320 2079 tempora

147 2099 223 2158 duas
246 2098 348 2158 Plutos
372 2101 520 2158 exstitisse
549 2100 760 2157 existimemus
810 2097 895 2156 Nunc
924 2096 1077 2157 uideamus
1101 2098 1137 2157 de
1161 2117 1210 2180 eo,
1240 2100 1319 2176 quod

148 2195 244 2254 adhuc
276 2198 544 2275 praetermisimus,
576 2195 740 2273 fragmento
773 2191 839 2253 442
872 2212 908 2252 ex
941 2193 1031 2254 schol.
1066 2194 1138 2254 fian.
1171 2214 1198 2255 u.
1234 2193 1319 2258 1093

147 2292 318 2370 desumpto:

466 2412 535 2476 τῶν
557 2408 831 2495 λαμπαδηφόρων
855 2434 889 2474 ιε
911 2413 1000 2474 πλεί-

467 2526 555 2573 στων
574 2510 685 2572 αἰτίαν

466 2617 537 2682 τοῖς
559 2601 715 2681 ὑστάτοις
739 2606 910 2670 πλατειῶν.

149 2753 211 2813 Ηοο
241 2756 316 2812 enim
347 2772 405 2813 non
433 2754 499 2813 ideo
528 2752 623 2812 solum
646 2752 713 2831 plus
741 2751 882 2830 ponderis
904 2750 1007 2833 hahet,
1031 2751 1111 2830 quod
1134 2770 1193 2811 non
1216 2771 1319 2834 unum,

149 2851 199 2910 sed
221 2851 370 2929 complura
392 2851 482 2911 uerha
502 2853 642 2933 continet,
666 2850 717 2909 sed
742 2849 779 2908 oh
799 2849 828 2908 id
848 2851 973 2908 maxime
993 2868 1008 2909 a
1029 2851 1136 2910 ceteris
1160 2868 1317 2910 secernen-

148 2949 219 3008 dum
247 2957 305 3029 est,
334 2949 411 3026 quod
435 2949 521 3009 Pluto
549 2951 643 3026 priori
670 2965 809 3026 expresse
838 2947 938 3006 datum
966 2955 1020 3007 est.
1071 2946 1172 3025 ltaque
1204 2966 1318 3008 summa

150 3047 331 3123 quaestionis
355 3065 434 3106 nunc
458 3065 493 3106 eo
517 3045 787 3126 comprehenditur,
812 3053 844 3105 ut
867 3047 918 3105 cui
939 3047 1028 3105 aetati
1051 3045 1100 3105 uel
1123 3047 1238 3105 auctori
1261 3046 1318 3105 hoc

149 3145 346 3221 fragmentum
379 3144 516 3204 uideatur
548 3143 738 3204 tribuendum
780 3161 844 3203 esse
878 3142 1073 3222 exploremus.
1127 3144 1224 3221 Atque
1261 3143 1317 3204 hoc

150 3241 268 3318 quidem
297 3249 432 3299 constare
461 3239 532 3299 mihi
561 3250 606 3300 est
628 3258 817 3320 persuasum,
845 3239 880 3298 ad
909 3257 973 3299 eam
997 3247 1121 3300 aetatem
1146 3239 1218 3299 illud
1241 3241 1317 3319 frag·

150 3346 281 3397 mentum
315 3337 503 3397 referendum
536 3356 618 3419 esse,
650 3356 724 3416 quae
758 3336 963 3397 Alexandrinis
995 3340 1132 3415 superior
1164 3337 1232 3418 fuit3
1265 3338 1317 3397 sed

149 3439 215 3513 quis
235 3439 421 3514 potissimum
441 3438 518 3494 inter
538 3452 597 3513 eos,
622 3452 697 3511 quos
716 3433 825 3495 Grause
849 3438 880 3495 in
899 3434 974 3495 lihro
997 3435 1033 3494 de
1057 3429 1215 3514 ‘Olympia'
1238 3454 1316 3495 com·

150 3536 246 3611 posito
276 3553 302 3611 p.
327 3533 367 3592 Xl
395 3540 563 3613 enumerat,
596 3533 756 3608 scriptores
789 3541 892 3592 auctor
926 3534 990 3593 eius
1022 3532 1238 3611 intellegendus
1271 3535 1318 3613 sit,

148 3630 307 3708 disceptari
340 3649 397 3690 non
431 3637 536 3709 potest.
591 3627 784 3706 Bamhergius
816 3630 936 3707 quidem
975 3649 1008 3690 ex
1042 3629 1214 3691 Dicaearchi
1241 3629 1317 3690 lihro

149 3728 275 3804 quodam
300 3728 351 3787 uhi
374 3728 411 3787 de
435 3727 647 3787 Panathenaeis
670 3728 836 3804 expositum
856 3736 927 3810 erat,
951 3729 1088 3789 haustum
1108 3728 1136 3788 id
1159 3746 1223 3788 esse
1248 3747 1316 3788 cen-

149 3823 245 3903 sehat;
273 3842 306 3882 ac
330 3843 400 3884 sane
424 3825 508 3886 facile
537 3828 566 3884 in
590 3823 658 3883 lihri
680 3817 753 3903 περὶ
778 3829 949 3902 μουσικῶν
968 3817 1110 3903 ἀγώνων
1133 3826 1169 3886 ah
1189 3845 1223 3886 eo
1247 3845 1316 3886 con-

148 3924 251 3999 scripti
266 3923 361 3998 capite
376 3940 421 4002 eo,
436 3925 483 3981 cui
499 3923 734 4002 superscriptum
744 3929 807 3980 erat
817 3915 1081 4005 Παναθηναϊνός
1095 3919 1146 4005 (cf.
1156 3923 1295 3999 Mulieri
1310 3972 1316 3984 .

148 4019 216 4079 hist.
240 4037 282 4095 gr.
302 4016 411 4079 11248
431 4013 490 4100 sq.)
510 4022 597 4080 etiarn
617 4019 820 4098 Aristophanis
839 4036 947 4078 uersus
966 4023 1191 4080 commemorari
1212 4024 1316 4100 potuit.

237 4124 294 4183 Sed
329 4127 414 4184 etiam
449 4143 483 4184 ex
516 4126 590 4186 alius
619 4129 676 4186 uiri
704 4127 788 4187 lihris
815 4129 846 4186 in
874 4124 984 4186 scholia
1014 4126 1226 4204 Aristophanea
1256 4128 1314 4188 hoc

149 4225 345 4300 fragmentum
378 4230 476 4301 potest
513 4242 660 4304 manasse3
692 4225 829 4303 equidem
862 4242 916 4302 ego
948 4222 984 4282 ah
1012 4224 1109 4302 initio,
1141 4226 1315 4303 priusquam

147 4317 315 4397 Bamhergii
344 4321 519 4380 sententiam
544 4324 706 4402 nouissem,
739 4325 770 4382 in
798 4321 1006 4382 Philochorum
1032 4319 1206 4401 incideram,
1240 4342 1315 4400 quae

149 4418 249 4494 opinio
274 4419 362 4476 etiam
386 4435 465 4478 nunc
489 4417 565 4478 hanc
583 4418 719 4498 illamque
739 4422 935 4501 perpendenti
953 4439 1012 4481 non
1031 4419 1118 4480 modo
1137 4436 1196 4479 non
1216 4422 1315 4480 minus
