2956 5092
590 349 856 415 Ι--68--

161 516 259 569 autem
283 509 402 570 Plutum
426 513 451 571 si
474 511 545 572 illud
570 507 639 572 ἐκεῖ
659 513 797 591 pertinet,
821 519 884 572 tum
908 511 999 571 uerba
1023 511 1109 572 baec:
1133 503 1199 590 ήδη
1222 505 1288 593 γὰρ
1313 503 1330 573 ὁ

159 601 387 686 Κορινθιακὸς
401 601 544 688 πόλεμος
559 602 704 686 συνέστη
722 603 832 689 τρισὶν
851 598 871 687 ή
890 603 1043 689 τέτρασιν
1063 607 1148 669 ἔτεσι
1166 602 1332 695 πρότερον

157 701 218 763 τοτ’
239 697 458 786 Ἀντιπάτρου
481 725 548 767 cum
574 709 630 786 eis,
655 724 729 784 quae
754 706 944 786 antecedunt,
969 708 1103 766 construi
1126 708 1246 766 omnino
1272 726 1332 767 non

157 803 214 860 iam
243 812 377 880 possunt.
428 804 548 867 Plutum
582 805 660 863 enim
694 804 824 880 priorem
852 822 876 862 a.
905 801 970 865 408
1002 804 1118 863 doctam
1147 822 1212 862 esse
1241 823 1331 883 supra

158 898 302 980 uidimus,
339 900 449 961 bellum
482 920 555 961 uero
589 898 810 959 Corinthiacum
843 901 880 962 ol.
910 901 1028 962 demrrm
1057 898 1117 980 96,
1146 898 1166 960 3
1195 927 1236 948 =
1265 898 1332 962 394

157 1012 182 1054 a.
207 994 275 1056 Chr.
299 1001 362 1075 geri
391 1007 528 1077 coeptum
558 1016 623 1057 esse
652 995 773 1056 tradidit
796 997 942 1059 Diodorus
966 998 1029 1057 lllV
1053 995 1109 1058 86:
1142 989 1159 1058 ὁ
1188 991 1333 1078 πόλεμος

158 1076 256 1166 οὗτος
280 1090 404 1174 ἐκλήθη
428 1088 660 1174 Κορινθιακός
683 1093 748 1153 coll.
772 1114 837 1174 cpp.
862 1093 913 1172 85,
937 1093 988 1175 82,
1012 1093 1063 1156 54.

247 1190 304 1251 Sed
333 1212 392 1252 non
421 1211 544 1272 prorsus
568 1194 677 1252 frustra
702 1191 758 1252 hoc
781 1193 947 1272 periculum
972 1193 1096 1274 lactum,
1124 1193 1234 1272 aliquid
1259 1213 1331 1254 sane

156 1287 232 1347 lucri
256 1289 324 1349 inde
344 1291 498 1351 redundat.
545 1291 605 1350 lam
629 1293 707 1350 enim
732 1291 951 1374 cognoscimus,
975 1291 1100 1350 sortasse
1123 1299 1221 1350 tamen
1245 1294 1331 1370 prius

155 1383 228 1444 illud
253 1388 403 1447 numerale
428 1382 572 1472 δευτέρῳ
596 1390 626 1447 in
649 1380 797 1470 προτέρῳ
822 1387 1030 1465 corrigendum
1053 1406 1119 1447 esse
1139 1406 1235 1466 neque
1255 1408 1330 1449 uero

155 1481 212 1542 hoc
236 1484 345 1566 solum,
370 1485 420 1545 sed
445 1487 533 1545 etiam
558 1485 649 1545 uerba
674 1504 716 1565 ea,
740 1502 815 1562 qnae
839 1492 921 1544 sunt:
947 1474 982 1558 ὃς
1006 1483 1140 1565 ἔσχατος
1164 1479 1330 1566 ἐδιδάχθη

141 1568 210 1645 ,ὑπ’
234 1573 338 1640 αὐτοῦ
357 1580 494 1666 εἰκοστῷ
515 1580 578 1643 ἔτει
601 1573 754 1661 ὕστερον,
778 1583 996 1661 transponenda
1020 1601 1085 1643 esse
1109 1592 1177 1660 post
1201 1583 1329 1644 uerbum

155 1672 399 1757 μετενήνεκται,
419 1682 458 1740 ita
478 1687 512 1740 ut
530 1687 611 1740 totus
630 1679 678 1738 bic
698 1679 781 1740 locus
800 1681 877 1741 haud
898 1683 988 1741 sciam
1008 1699 1045 1740 an
1065 1682 1108 1740 sic
1127 1681 1330 1743 emendandus

156 1776 205 1854 sit,
229 1784 262 1835 nt
286 1776 463 1838 scribamus:
488 1773 594 1857 δῆλον
613 1769 649 1837 δὲ
669 1771 704 1837 ἐκ
722 1775 783 1838 τοῦ
803 1774 839 1838 ἐν
857 1773 1006 1863 προτέρῳ
1025 1772 1202 1858 φέρεσθαι·
1226 1777 1256 1839 εί
1273 1771 1330 1860 μὴ,

155 1861 235 1951 ὅπερ
259 1865 361 1952 είκὸς,
391 1869 425 1934 ἐκ
453 1871 514 1935 τοῦ
538 1868 695 1954 δευτέρου
718 1867 877 1935 Πλούτου
898 1872 997 1936 τοῦτο
1022 1868 1266 1956 μετενήνεκται,
1291 1867 1330 1951 ὃς

155 1964 291 2046 ἔσχατος
314 1964 476 2051 ἐδιδάχθη
503 1960 559 2030 ὑπ’
586 1961 691 2030 αὐτοῦ
721 1968 857 2056 εἰκοστῷ
886 1971 950 2032 έτει
978 1966 1128 2051 ὕστερον.
1174 1969 1242 2034 ἐκεῖ
1262 1965 1329 2054 γὰρ

155 2055 268 2144 ὀρθῶς
291 2065 365 2147 ἔχει.
410 2061 476 2147 ήδη
499 2061 564 2147 γὰρ
587 2063 650 2129 κτὲ.

112 2158 114 2165 “
246 2163 295 2223 Sic
324 2167 349 2224 si
375 2165 546 2246 scribimus,
576 2167 672 2225 omnia
697 2168 806 2244 optime
831 2169 909 2226 inter
933 2185 964 2226 se
989 2167 1148 2227 cohaerent
1172 2177 1202 2228 et
1225 2168 1328 2230 claris·

154 2260 226 2318 sima
256 2270 325 2321 sunt
353 2281 450 2341 neque
479 2263 613 2341 prolecto
642 2263 802 2341 quidquam
830 2273 888 2344 est,
921 2263 999 2342 quod
1028 2264 1116 2343 hanc,
1151 2283 1225 2342 quae
1253 2267 1327 2326 mihi

154 2360 241 2416 unice
270 2378 341 2418 uera
371 2379 436 2420 esse
460 2361 594 2440 uidetur,
623 2363 825 2420 coniecturam
849 2362 1015 2420 reiciamus.
1062 2361 1271 2443 Rementem,
1302 2367 1328 2424 si

154 2464 235 2514 recte
261 2460 451 2539 coniecimus,
475 2477 600 2538 prorsus
624 2459 747 2519 eandem
770 2458 861 2518 habes
885 2467 972 2536 atque
996 2461 1026 2517 in
1051 2459 1171 2519 scholiis
1195 2479 1245 2522 uu.
1260 2457 1327 2521 972

154 2549 303 2634 0111463
327 2559 444 2633 putauit
463 2559 541 2616 enim
566 2559 609 2636 is,
638 2559 689 2634 qui
712 2556 784 2616 haec
808 2559 970 2636 congessit,
998 2574 1029 2614 se
1053 2558 1182 2634 priorem
1207 2556 1328 2617 Plutum

154 2651 290 2712 manibus
309 2661 407 2714 terere
427 2657 557 2732 itemque
581 2662 669 2733 atque
689 2654 844 2714 scholiasta
864 2674 893 2714 u.
916 2652 1009 2734 1146,
1033 2653 1084 2713 ubi
1107 2654 1175 2714 lacti
1200 2654 1326 2716 alicuius

152 2752 326 2826 posterioris
360 2755 463 2812 aetatis
496 2754 606 2812 mentio
636 2755 662 2812 ei
691 2754 836 2833 occurrit,
869 2754 967 2812 stetim
995 2754 1026 2810 in
1055 2769 1118 2809 cam
1148 2754 1325 2811 sententiam

153 2846 234 2927 abiit,
257 2856 290 2907 ut
313 2851 407 2926 priori
431 2849 516 2910 Pluto
540 2849 699 2910 nonnullos
722 2851 897 2928 posterioris
921 2848 1038 2909 fabulae
1062 2866 1169 2908 uersus
1195 2850 1326 2909 insertos

153 2963 218 3004 esse
242 2947 423 3022 opinaretur.

240 3041 285 3102 IV.
317 3043 419 3104 Paullo
452 3045 505 3104 alia
538 3053 584 3104 est
616 3045 751 3105 condicio
785 3043 889 3104 scholii
919 3044 953 3103 ad
983 3063 1011 3104 u.
1042 3040 1104 3104 179
1136 3046 1239 3125 primi,
1271 3044 1325 3104 ubi

152 3139 309 3199 scholiasta
332 3140 452 3202 Laidem
476 3143 713 3222 quattuordecim
738 3142 856 3200 demum
885 3160 978 3202 annos
1006 3151 1102 3202 natam
1131 3144 1187 3200 iam
1212 3149 1324 3202 tantem

152 3239 317 3296 meretricis
337 3239 442 3299 lamam
463 3240 520 3300 sibi
538 3242 691 3318 peperisse
711 3241 844 3318 miratur,
863 3248 897 3298 ut
916 3239 952 3298 ab
971 3240 1166 3319 Aristophane
1186 3242 1216 3299 in
1235 3241 1324 3301 Pluto

150 3336 250 3412 priore
280 3340 438 3416 perstringi
468 3346 577 3417 posset.
630 3336 689 3396 Sua
716 3339 807 3415 igitur
835 3341 979 3397 sententia
1014 3340 1102 3397 etiam
1133 3339 1159 3396 is
1191 3341 1323 3416 priorem

150 3432 270 3492 Plutum
294 3433 452 3514 tractabat,
479 3433 507 3493 id
533 3433 611 3512 quod
636 3436 693 3493 nisi
716 3452 771 3511 per
794 3452 825 3493 se
849 3435 934 3494 facile
958 3454 974 3494 ε
1001 3434 1105 3494 scholii
1134 3436 1229 3512 capite
1256 3427 1324 3516 (ὅτι

147 3519 389 3610 Ἀριστοφάνης
417 3521 458 3592 οὐ
486 3528 572 3609 λέχει
601 3523 767 3610 σύμφωνα
789 3523 871 3592 κατδι
895 3523 972 3605 τοὺς
995 3525 1152 3614 χρόνους)
1180 3533 1323 3616 eluceret,

151 3625 201 3686 uel
225 3644 260 3686 ex
281 3629 323 3686 eis
343 3630 569 3688 confirmaretur
593 3628 694 3688 uerbis
714 3647 789 3707 quae
809 3637 891 3689 sunt:
915 3627 983 3690 έστι
1003 3622 1040 3690 δέ
1059 3625 1120 3702 ἕως
1139 3625 1324 3713 Διοκλέους
1365 3691 1371 3702 ,

150 3720 205 3801 ε”τη
230 3715 289 3802 ιδ’,
314 3716 397 3784 ὥστε
421 3716 545 3802 άλοχον
569 3716 625 3784 διὰ
648 3715 813 3805 ὀνόματος
836 3717 941 3807 αὐτὴν
965 3723 1122 3808 ἐπαίρειν.
1167 3723 1322 3807 ἐμφαίνει

151 3812 187 3880 δὲ
219 3814 274 3880 καλ
302 3813 446 3882 Πλάτων
480 3818 516 3882 έν
548 3819 593 3907 τῳ
625 3821 761 3906 Φαίδρῳ
790 3816 1053 3908 ἑπτακαιδεκάτῳ
1083 3821 1147 3883 ἔτει
1179 3815 1322 3903 ὕστερον

151 3914 345 3999 διδαχθέντι
363 3914 415 3980 ἐπὶ
431 3914 622 3992 Διοκλέους.
646 3919 725 3980 llaec
745 3923 833 4000 enim,
853 3923 921 3999 quia
936 3920 1011 3980 bona
1027 3923 1171 3981 sententia
1187 3922 1321 4000 exsculpi

149 4034 208 4074 non
236 4023 347 4094 potest,
376 4019 541 4076 certissime
565 4036 633 4076 cum
656 4016 882 4078 Hemsterhusio
913 4020 955 4077 sic
980 4018 1155 4097 corrigenda
1179 4027 1261 4098 sunt,
1285 4029 1320 4081 ut

147 4112 276 4191 legatur:
300 4109 454 4194 ἐμφαίνει
478 4107 592 4174 δὲκαὶ
616 4106 761 4175 Πλάτων
785 4112 889 4199 ἐντῷ
916 4107 1032 4175 Φάωνι
1056 4108 1318 4200 ἑπτακαιδεκάτῳ

149 4209 212 4270 έτει
236 4201 378 4293 ὕστερον
398 4205 592 4291 διδαχθέντι
612 4206 664 4272 ἐπὶ
686 4206 896 4285 Φιλοκλέους.
933 4212 1080 4272 Philocles
1101 4220 1208 4293 antem,
1232 4216 1319 4274 cuius

148 4327 256 4369 nomen
280 4312 398 4387 saepius
422 4329 437 4369 a
461 4311 658 4388 grammaticis
682 4309 908 4388 scholiastisque
935 4311 965 4368 in
989 4309 1097 4369 Dioclis
1120 4328 1228 4370 nomen
1252 4330 1317 4371 cor-

148 4414 270 4487 ruptum
294 4416 339 4466 est
358 4401 410 4490 (cl.
432 4406 567 4486 Prolegg.
590 4406 626 4467 de
650 4408 801 4468 comoedia
824 4406 864 4467 ΙΙΙ
889 4405 930 4469 81
954 4402 1092 4489 boehm),
1115 4407 1226 4467 archon
1250 4427 1318 4489 cpo-
