2956 5092
579 359 798 423 „89-

104 525 231 603 putauit,
255 527 374 584 omnino
394 522 691 603 praetermittendum
710 531 765 602 est,
790 541 856 582 cum
880 521 929 581 hic
952 539 1037 580 error
1061 524 1227 604 communis
1251 524 1279 581 ei

106 624 145 681 sit
160 640 228 681 cum
243 631 412 683 ceterorum
428 622 608 683 scholiorum
624 620 805 681 auctoribus.
843 621 880 679 At
899 638 966 680 cum
986 620 1061 679 hanc
1076 619 1278 680 difficultatem

105 720 275 780 felicissime
295 723 460 780 remouisse
480 719 565 779 nobis
585 719 730 796 uidemur,
753 719 937 795 uidemusne,
960 719 991 775 in
1016 724 1125 795 quanto
1151 719 1278 777 maiores

106 820 258 897 angustias
287 818 490 896 imprudentes
514 813 751 877 incurrerimus?
796 815 882 875 Hunc
906 817 984 874 euim
1008 815 1195 874 scholiastam
1220 834 1278 874 non

106 914 201 975 solum
235 910 497 994 ‘conglutinatam'
530 913 672 993 fabulam,
705 912 756 973 sed
789 915 878 972 etiam
915 914 1110 990 posteriorem
1139 911 1278 972 habuisse

105 1020 258 1093 putamus,
287 1023 403 1073 ceteros
436 1009 599 1091 negamus?
644 1009 898 1080 Quemadmodum
932 1007 1076 1067 accidisse
1106 1008 1189 1068 nobis
1212 1027 1279 1087 per·

106 1109 311 1190 suadebimus,
340 1119 373 1170 ut
402 1111 450 1170 hic
479 1109 648 1188 scholiasta,
682 1107 903 1167 adnotationum
935 1105 969 1165 ad
998 1125 1048 1166 uu.
1074 1103 1137 1167 115
1161 1114 1191 1167 et
1215 1105 1278 1168 119

107 1209 345 1285 conscriptarum
371 1216 487 1287 auctor,
516 1207 597 1268 solus
625 1208 756 1265 omnium
780 1212 917 1264 ueterum
940 1206 1138 1281 interpretum
1161 1213 1280 1283 praeter

106 1323 186 1384 eam,
215 1322 302 1381 quam
328 1304 486 1385 tractabat,
513 1307 600 1364 etiam
624 1304 820 1382 posteriorem
844 1300 963 1361 Plutum
988 1300 1123 1361 manibus
1149 1300 1280 1363 tereret?

107 1401 352 1461 Ceteros'autem
376 1405 556 1481 interpretes
581 1404 637 1461 nisi
661 1418 734 1474 eam,
757 1418 832 1479 quae
856 1408 1009 1477 superstes
1030 1401 1146 1480 mansit,
1170 1400 1280 1461 nullam

105 1498 187 1558 Pluti
211 1501 416 1558 recensionem
442 1499 552 1558 uidisse
576 1500 632 1578 eiS,
660 1518 735 1578 quae
760 1503 790 1559 iu
813 1501 908 1578 prima
931 1504 1014 1576 parte
1039 1497 1179 1578 disserui,
1208 1502 1279 1558 satis

107 1596 342 1656 demonstratum
366 1595 440 1654 mihi
462 1595 590 1655 uidetur.
628 1598 672 1655 An
691 1597 747 1656 hac
770 1599 941 1656 coniectura
964 1597 1170 1676 incertissima,
1194 1599 1280 1656 cuius

108 1697 140 1754 in
161 1693 336 1753 scholiastae
356 1695 450 1772 ipsius
475 1692 576 1752 uerbis
599 1711 636 1753 ne
660 1695 819 1772 uestigium
844 1693 963 1771 quidem
987 1692 1170 1753 fundamenti
1193 1695 1281 1774 inest,

107 1792 214 1852 adduci
238 1810 291 1851 nos
315 1794 455 1872 sinemus,
479 1799 512 1851 ut
535 1791 623 1872 illam,
649 1810 736 1870 quam
761 1791 856 1851 adhuc
881 1789 1076 1870 defendimus,
1101 1792 1279 1850 sententiam

107 1894 242 1969 ipsorum
267 1889 492 1949 scholiastarum
517 1891 694 1949 testimoniis
718 1891 789 1949 satis
808 1889 951 1948 firmatam
975 1890 1095 1947 missam
1117 1885 1280 1948 faciamus?

107 1989 201 2048 lmmo
226 1987 391 2047 cauendum
415 1996 474 2067 est,
503 2005 540 2046 ue
564 1995 718 2066 tantopere
742 1985 777 2046 ab
801 1988 883 2046 omni
906 1985 1054 2064 cogitandi
1077 1985 1279 2064 probandique

107 2088 223 2146 ratione
247 2084 430 2146 aberremus.

198 2182 248 2242 111.
271 2181 374 2242 Adhuc
389 2185 480 2261 igitur
495 2182 669 2242 scholiastae
684 2182 865 2242 adnotationi
879 2182 966 2242 fidem
981 2170 1147 2241 tribuentes
1163 2199 1280 2260 semper

108 2281 226 2358 decepti
250 2298 361 2341 sumus.
408 2280 466 2340 Sed
490 2299 559 2340 ecce
583 2280 657 2340 alius
681 2281 811 2360 exsistit,
835 2281 885 2358 qui
910 2278 1097 2338 scholiastam
1120 2279 1279 2338 deleudere

111 2387 141 2438 et
160 2376 195 2436 ab
215 2395 318 2437 eorum
342 2380 511 2456 suspicione
535 2380 614 2438 tueri
637 2384 772 2458 conetur,
798 2379 848 2456 qui
873 2379 936 2436 eius
960 2376 1178 2435 adnotationem
1201 2379 1280 2436 inter

110 2474 428 2536 autoschcdiasmatum
448 2494 604 2536 numerum
624 2477 775 2554 ingentem
794 2475 908 2535 relerre
923 2473 1069 2533 studeant.
1103 2473 1279 2534 Franciscus

110 2576 190 2634 enim
209 2573 351 2648 RitteruS,
376 2576 422 2633 uir
447 2573 635 2634 doctissimus
659 2592 693 2633 ac
717 2573 932 2651 sagacissimus,
956 2572 986 2630 in
1010 2571 1216 2631 dissertatione
1237 2590 1280 2652 ea,

110 2689 198 2750 quam
226 2671 262 2730 de
290 2670 494 2749 Aristophanis
522 2670 607 2731 Pluto
635 2670 755 2730 Bonnae
782 2665 865 2730 1828
896 2669 1087 2749 conscripsit,
1116 2688 1144 2747 p.
1168 2664 1212 2729 54
1239 2671 1280 2729 ita

110 2769 264 2828 disseruit:
293 2763 342 2826 ‘ln
370 2770 469 2846 priore
498 2770 589 2846 igitur
614 2767 700 2828 Pluto
723 2766 936 2845 Aristophanes
964 2784 1070 2826 uocem
1093 2755 1279 2846 ὀφθαλμία,

109 2867 138 2926 h.
169 2884 192 2925 e.
226 2865 321 2926 malus
353 2865 508 2926 oculorum
540 2866 676 2944 allectus,
709 2872 812 2924 contra
841 2864 994 2942 uulgarem
1024 2863 1166 2942 loquendi
1192 2882 1280 2924 usum

110 2958 232 3046 (ἰδίως)
261 2982 315 3042 pro
344 2965 485 3024 caecitate
513 2956 689 3045 (πήρωσις)
717 2961 889 3043 admiserat,
921 2964 951 3021 in
984 2963 1148 3040 posteriore
1181 2970 1280 3022 autem

109 3061 274 3121 insidiosae
292 3060 371 3120 illius
391 3063 475 3120 uocis
494 3060 649 3121 euitandae
673 3077 761 3120 causa
784 3067 880 3119 totum
904 3077 1026 3119 uersum
1049 3061 1184 3120 mutauit.
1222 3058 1280 3119 Sed

110 3177 166 3219 cur
190 3177 286 3218 nouus
310 3157 358 3217 ille
382 3176 489 3219 uersus
513 3161 668 3218 innostra
692 3156 797 3236 sabula,
820 3156 848 3217 h.
870 3175 893 3216 e.
912 3155 998 3217 Pluto
1021 3158 1196 3237 posteriore,
1220 3176 1279 3217 nou
1335 3217 1337 3221 ,

108 3251 241 3332 legitur?
285 3256 442 3314 Anuotatio
471 3254 520 3314 illa
548 3255 624 3314 lacta
652 3263 697 3315 est
724 3253 760 3313 ab
789 3256 996 3332 antiquissimo
1020 3257 1209 3332 grammatico
1232 3254 1281 3315 uel

108 3354 209 3432 potius
238 3370 274 3411 ex
301 3371 336 3412 eo
365 3353 525 3432 exscripta,
557 3354 609 3430 qui
637 3361 687 3413 aut
715 3360 871 3431 utramque
894 3351 973 3411 Pluti
1001 3351 1159 3413 editionem
1188 3354 1280 3433 possi-

112 3449 209 3530 debat,
233 3457 283 3509 aut
305 3449 384 3527 quod
405 3448 595 3508 uerisimilius
615 3457 669 3530 est,
692 3451 850 3528 utriusque
870 3448 984 3508 fabulae
1003 3448 1189 3510 collationem
1208 3469 1280 3510 non·

111 3547 201 3610 nullis
225 3549 256 3606 in
275 3546 347 3606 locis
366 3548 532 3606 institutam
552 3545 680 3625 legebat:
704 3550 729 3607 is
748 3554 856 3628 autem,
879 3565 947 3607 cum
966 3546 1042 3606 hanc
1061 3550 1281 3608 annotationem

111 3645 265 3724 scriberet,
289 3662 411 3704 uersum
430 3643 522 3724 illum,
546 3652 579 3705 ut
602 3645 755 3724 legebatur
778 3647 809 3704 iu
833 3644 919 3705 Pluto
943 3646 1052 3724 priore,
1076 3647 1106 3704 in
1132 3646 1281 3726 exemplar

110 3761 199 3803 suum
227 3743 351 3820 recepit,
385 3749 418 3800 ut
445 3744 642 3802 annotationis
671 3741 763 3802 uerba
791 3743 826 3802 ad
855 3743 1018 3819 marginem
1043 3744 1153 3820 scripta
1181 3746 1282 3804 statim

112 3840 217 3900 melius
246 3837 504 3919 intellegerentur,
537 3847 625 3918 atque
654 3840 723 3900 inde
751 3840 830 3900 hunc
857 3840 966 3917 prioris
993 3838 1073 3898 Pluti
1101 3856 1223 3899 uersum
1250 3843 1282 3900 in

110 3936 204 3996 libros
236 3945 355 3994 nostros
383 3937 434 4014 qui
463 3935 602 3996 exhibent
633 3939 830 4015 posteriorem
859 3938 1017 4014 irrepsisse
1050 3932 1190 3996 conicio’
1236 3937 1281 3997 Ex

111 4033 220 4093 liitteri
246 4034 337 4111 igitur
365 4035 509 4092 sententia
538 4033 594 4092 hoc
622 4035 701 4114 quod
725 4044 885 4096 tractamus
909 4033 1042 4093 scholion
1065 4032 1101 4092 ad
1125 4035 1281 4112 antiquum
1370 4035 1372 4039 ’

112 4133 334 4209 grammaticum
350 4129 539 4190 referendum
555 4139 608 4211 est,
628 4135 680 4210 qui
699 4141 854 4211 utramque
869 4131 947 4192 Pluti
966 4131 1126 4190 editionem
1145 4130 1279 4194 habehat.

111 4227 191 4288 Haec
211 4246 324 4288 summa
344 4229 408 4288 eius
425 4222 629 4307 'explicationis
648 4230 777 4308 putanda
797 4238 855 4312 est;
879 4230 1048 4290 discernere
1069 4230 1155 4309 euim,
1177 4237 1278 4289 utrum

111 4325 160 4385 ille
189 4329 397 4404 grammaticus
425 4328 488 4404 ipse
518 4327 591 4387 diras
616 4330 806 4388 recensiones
835 4327 1002 4407 possederit
1025 4345 1060 4386 an
1085 4345 1137 4386 sua
1161 4344 1195 4386 es
1222 4326 1280 4386 col·

112 4423 221 4483 latione
244 4426 400 4503 utriusque
420 4423 535 4484 labulae
553 4427 584 4484 iu
603 4427 735 4504 margine
756 4427 831 4487 lacta
850 4425 991 4505 hauserit,
1011 4423 1120 4485 nullius
1139 4427 1280 4486 momenti
