2956 5092
624 360 905 424 --83-.

148 521 388 601 quibuscumque
412 523 485 583 locis
508 522 653 601 Apollonii
676 539 784 581 nomen
802 523 965 602 inuenitur,
989 524 1018 580 ei
1036 523 1115 581 inter
1134 540 1165 581 se
1181 521 1321 581 simillimi

147 629 181 679 et
208 619 282 679 tales
306 629 385 700 sunt,
413 630 447 681 ut
479 639 530 680 eos
558 622 589 678 in
617 618 772 680 3113111113
801 637 887 696 quam
916 622 946 678 in
975 621 1321 680 3313313313113Α11313-

146 715 267 793 phaneo
295 718 425 776 inueniri
454 719 586 796 potuisse
616 715 695 775 haud
717 717 801 777 133113
826 717 1089 796 111111131311311333.
1138 715 1321 794 Discipulum

147 833 219 874 eum
252 813 343 873 luisse
377 814 554 893 Aristarchi,
586 815 770 890 grammatici
801 815 880 874 illius
918 814 1117 893 celeberrimi,
1155 814 1321 874 luculenter

146 912 366 971 demonstrauit
389 911 470 990 Blau,
493 931 521 990 p.
545 907 588 971 50
612 930 676 988 sqq.
973 988 977 994 ·

241 1010 278 1069 At
307 1027 343 1068 311
371 1017 431 1068 1313
459 1009 513 1067 1133
542 1008 789 1086 contemplatione
817 1009 888 1087 quid
916 1009 993 1068 lucri
1023 1005 1177 1068 aufertur?
1218 1008 1321 1068 Nonne

148 1107 207 1166 1133
232 1105 304 1164 nihil
328 1124 381 1164 nos
404 1107 550 1184 prolicere
570 1115 700 1185 apparet,
723 1108 791 1182 quia
811 1106 983 1184 Apollonius
1002 1105 1207 1184 Aristophanis
1230 1105 1322 1165 uerba

147 1214 233 1263 recte
257 1203 293 1262 ad
312 1202 530 1280 Thrasybulum
553 1203 636 1262 illum
655 1205 842 1262 notissimum
866 1205 978 1281 patriae
1002 1202 1148 1262 libertatis
1175 1203 1323 1286 uindicem

148 1311 182 1360 et
205 1301 378 1380 Dionysium
401 1310 558 1379 tyrannum
582 1297 719 1360 rettulit?
755 1300 858 1360 Nonne
882 1303 907 1360 is
932 1318 963 1358 se
987 1302 1184 1378 posteriorem
1203 1300 1323 1360 Plutum

148 1406 280 1459 tractare
300 1399 452 1458 censuisse
472 1395 599 1458 clamat?
629 1399 720 1458 Recte
739 1398 812 1458 haec
831 1398 977 1476 disputata
996 1397 1147 1476 uidentur,
1166 1416 1224 1456 11311
1245 1407 1323 1477 sunt,

149 1515 249 1574 neque
283 1513 403 1575 uereor,
438 1513 473 1553 ne
508 1514 582 1572 quae
614 1496 687 1577 dixi,
720 1515 753 1554 33
785 1498 942 1554 1333333111
966 1498 1063 1552 3111313
1096 1495 1322 1572 explanatrerim.

150 1593 250 1671 Supra
277 1594 335 1651 iam
364 1610 409 1650 me
440 1592 551 1651 similes
574 1591 775 1652 dubitationes
798 1592 971 1671 propulsare
995 1594 1116 1651 memini
1144 1593 1322 1672 easdemque

151 1709 257 1751 causas
282 1709 360 1748 nunc
380 1690 478 1749 133313
502 1709 561 1749 non
581 1708 711 1770 possum,
735 1692 807 1768 quin
831 1708 965 1768 magnam
988 1698 1103 1766 partem
1126 1690 1184 1749 huc
1204 1709 1322 1769 quoque

149 1788 275 1848 trabam.
325 1786 398 1845 Nam
434 1789 562 1865 primum
595 1787 767 1866 Apollonius
799 1805 976 1865 quamquam
1008 1787 1183 1868 Aristarchi,
1216 1791 1324 1848 summi

151 1886 345 1963 grammatici,
370 1883 533 1962 discipulus
558 1895 634 1962 erat,
662 1895 759 1944 tamen
787 1884 951 1944 cauendum
976 1892 1029 1963 est,
1060 1903 1096 1944 ne
1125 1885 1161 1944 ab
1185 1904 1220 1944 eo
1244 1904 1323 1945 com·

152 1984 332 2042 mentarium
357 1981 494 2042 omnibus
513 1985 646 2040 numeris
666 1981 831 2042 absolutum
857 1984 1059 2060 conscriptum
1086 2001 1151 2042 esse
1175 1991 1323 2063 putemus,

152 2083 182 2138 in
207 2098 266 2158 quo
291 2098 327 2137 ne
352 2079 498 2138 tantillum
523 2079 643 2158 quidem
665 2082 776 2139 erroris
800 2083 919 2139 inesset.
965 2079 1044 2139 Nihil
1072 2081 1163 2158 igitur
1192 2081 1324 2160 impedit,

154 2179 313 2254 quominus
341 2195 410 2236 eum
434 2195 553 2255 quoque
578 2177 614 2236 de
637 2180 737 2256 priore
761 2177 846 2237 Pluto
870 2180 1028 2258 cogitasse,
1057 2178 1108 2236 sed
1133 2177 1323 2237 nihilominus

154 2293 275 2334 uersum
306 2273 433 2351 aliquem
464 2283 545 2334 recte
575 2277 803 2353 interpretatum
832 2294 897 2335 esse
928 2275 973 2334 uel
1006 2275 1103 2334 uideri
1135 2276 1323 2336 arbitremur.

154 2370 347 2451 Videmusne,
376 2375 462 2431 utin
491 2371 672 2431 scholiorum
697 2375 835 2450 congerie
862 2381 981 2451 praeter
1004 2372 1083 2431 illam
1106 2372 1254 2450 Apollonii
1274 2393 1322 2432 ex-

155 2468 344 2546 plicationem
373 2471 460 2528 etiam
490 2469 562 2528 aliae
591 2469 759 2547 complures
787 2472 879 2530 insint
906 2470 1123 2550 adnotationes,
1154 2490 1190 2530 ex
1215 2470 1323 2548 quibus

154 2569 179 2624 si
198 2565 371 2625 scholiastas
390 2565 509 2626 Plutum
529 2569 726 2644 posteriorem
745 2567 844 2646 legere
860 2566 916 2626 sibi
936 2569 1016 2625 uisos
1036 2584 1100 2625 esse
1120 2567 1324 2647 concluderes,

152 2662 230 2722 hanc
255 2663 477 2723 conclusionem
502 2663 601 2724 13133111
626 2666 689 2723 1313
714 2667 785 2724 33113
804 2682 954 2744 superque
978 2664 1230 2724 demonstranisse
1252 2665 1324 2724 1111111

152 2760 266 2820 uideor.
314 2760 407 2820 Porro
439 2765 464 2821 si
498 2761 670 2841 Apollonius
697 2762 777 2823 Pluti
808 2761 935 2833 fabulam
966 2763 1006 2821 ita
1036 2761 1258 2840 explicauisset,
1292 2772 1324 2822 111

152 2858 272 2918 Ρ111111111
292 2876 365 2937 eam,
390 2877 476 2936 quam
496 2862 754 2941 interpretaretur,
777 2861 974 2939 posteriorem
994 2877 1059 2918 esse
1079 2878 1115 2918 ex
1139 2859 1240 2920 uerbis
1259 2861 1324 2919 eins

152 2954 251 3032 colligi
280 2964 390 3036 posset,
419 2959 585 3016 certissime
610 2956 764 3039 Didymus,
787 2957 860 3016 mihi
883 2955 984 3016 crede!
1014 2959 1045 3016 in
1068 2966 1127 3016 13111
1150 2976 1324 3036 peruersam

152 3054 331 3111 sententiam
355 3071 517 3131 numquam
540 3054 701 3113 incidisset.
743 3054 807 3114 Non
831 3057 923 3132 igitur
944 3054 1040 3135 uideo,
1064 3073 1117 3114 cur
1137 3055 1324 3134 Apollonium

153 3153 251 3228 ipsum
276 3168 394 3228 quoque
418 3153 550 3228 priorem
573 3151 691 3212 Plutum
716 3161 842 3214 tractare
872 3152 929 3212 sibi
952 3154 1052 3212 uisum
1075 3171 1140 3212 esse
1164 3172 1224 3212 non
1248 3153 1324 3212 arbi·

152 3256 276 3306 tremnr.

242 3343 287 3402 lV.
329 3343 389 3403 lam
416 3347 508 3423 igitur
536 3365 632 3424 usque
660 3348 695 3406 ad
719 3347 865 3427 Apollonii
888 3356 1012 3408 aetatem
1036 3347 1099 3425 uel,
1124 3349 1262 3426 quoniam
1286 3367 1323 3408 ne

152 3442 201 3502 hic
230 3441 349 3519 quidem
380 3446 543 3503 consistere
571 3445 655 3525 licet,
686 3446 721 3504 ad
749 3445 913 3505 Aristarchi
941 3455 1074 3524 tempora
1107 3445 1324 3527 descendimus,

152 3541 205 3600 sed
234 3540 365 3599 nondum
395 3560 519 3620 usquam
548 3560 727 3621 quemqnam
754 3543 972 3624 indagauimus,
1006 3562 1094 3622 quem
1126 3545 1323 3622 posteriorem

151 3638 271 3698 Plutum
295 3639 352 3699 sibi
375 3639 475 3717 legere
498 3626 598 3700 uisum
621 3659 686 3700 esse
706 3641 853 3700 affirmare
873 3643 1030 3719 possimus.
1072 3639 1165 3698 Immo
1189 3640 1324 3700 neultra

151 3736 272 3814 quidem
291 3737 456 3796 Aristarchi
475 3746 608 3816 tempora
627 3756 805 3817 quemquam
828 3737 865 3798 de
883 3741 1048 3817 posteriore
1067 3737 1153 3798 Pluto
1178 3740 1323 3816 cogitasse

152 3833 311 3914 contendo,
335 3836 504 3894 testimonio
529 3854 601 3896 usus
625 3835 737 3908 scholio
761 3835 797 3894 ad
821 3855 848 3895 u.
875 3831 947 3896 179.
994 3835 1112 3896 Nouum
1135 3837 1166 3894 in
1190 3853 1225 3894 33
1249 3835 1324 3896 31133

150 3933 327 4010 interpretis
341 3933 550 4011 Aristophauei
564 3943 660 3994 exstat
674 3952 791 4014 nomen,
806 3933 973 3993 Callistrati.
1002 3933 1135 3992 Primum
1151 3932 1323 4011 intellegere

151 4029 333 4109 studeamus,
352 4030 423 4106 quid
445 4030 493 4090 ille
513 4031 550 4091 de
569 4050 677 4092 uersus
699 4030 760 4093 179
780 4032 974 4111 explicatione
994 4033 1130 4091 senserit
1163 4030 1324 4110 Postquam

151 4127 188 4185 de
213 4125 302 4184 Laide
327 4129 494 4204 expositum
518 4128 614 4207 deque
634 4132 698 4188 eius
722 4138 816 4189 aetate
837 4128 1003 4188 dubitatum
1027 4138 1081 4209 est,
1104 4127 1261 4189 scholiasta
1280 4131 1323 4188 sic

152 4223 254 4283 dicere
278 4226 389 4301 pergit:
416 4223 610 4304 Φιλωνίδην
634 4219 671 4286 111
695 4217 735 4286 οὐ
758 4218 818 4287 τὸν
840 4217 983 4305 ποιητήν
1005 4239 1088 4304 φησι
1111 4218 1171 4287 τὸν
1194 4223 1230 4287 ἐν
1255 4235 1324 4298 τοῖς

149 4315 435 4401 Ἀριστοφανείοις
463 4318 732 4405 ἐγγεγραμμένον
756 4319 937 4405 δράμασιν,
967 4314 1010 4396 ὡς
1038 4321 1073 4384 od
1097 4319 1173 4404 περὶ
1201 4323 1324 4384 Kattt

153 4431 297 4498 στρατον
317 4412 491 4500 <313νται>
517 4417 552 4480 ἐν
571 4420 610 4502 τῇ
631 4413 808 4507 ὁμωνυμίᾳ
825 4416 1063 4501 πλανηθέντες·
1088 4413 1172 4482 ἀλλὰ
1189 4424 1257 4485 κτλ.
1288 4421 1325 4482 Εἰ

953 4530 955 4534 .
1075 4523 1112 4574 6,
