2956 5092
624 350 842 413 -70-

148 513 258 574 nalium
291 512 505 598 archaeologici
538 514 667 573 instituti
700 512 914 573 Germanorum
947 513 1135 573 Atheniensis
1167 510 1320 571 uolumine

148 614 245 671 tertio.
283 610 345 670 Illic
365 611 444 671 enim
464 609 629 670 fabularum
649 629 708 671 non
727 621 829 690 poetas
849 610 954 690 solum,
978 611 1029 670 sed
1049 612 1137 670 etiam
1156 610 1321 687 primarum

148 711 276 788 partium
301 716 418 768 actores
441 710 472 768 iu
496 709 539 766 eis
562 707 657 768 titulis
676 727 729 786 per
749 694 918 768 formulam:
941 699 1166 790 ὑπε(κρίνετο)
1187 697 1205 766 ὁ
1226 703 1323 766 δεῖνα

149 809 295 866 nominari
310 805 413 864 solitos
428 822 494 864 esse
510 804 678 885 edocemur,
698 805 806 884 quibus
826 800 1074 866 ‘didascaliarum’
1095 805 1322 864 fundamentum

147 912 235 982 atque
262 903 328 962 lons
352 904 530 962 continetur.
577 902 718 962 Actorum
738 913 836 963 autem
861 906 1022 982 primarum
1051 904 1178 980 partium
1202 903 1323 960 uomina

149 1019 254 1060 reuera
274 1002 362 1059 etiam
382 1002 411 1058 in
431 994 628 1058 ‘didascalus'
649 1008 768 1078 recepta
788 1019 853 1060 esse
873 1000 1041 1059 luculenter
1060 1008 1181 1077 apparet
1201 1016 1216 1057 e
1235 997 1324 1056 Pacis

148 1097 319 1176 didascalia,
346 1097 399 1156 ubi
428 1115 567 1174 expresse
596 1096 737 1156 traditum
766 1106 826 1158 est:
858 1089 895 1157 τδ
927 1089 963 1156 δὲ
988 1093 1098 1175 δρᾶμα
1121 1085 1324 1173 ὑπεκρίνατο

145 1187 409 1275 Ἀπολλόδωρος;
439 1193 571 1253 eiusdem
600 1195 644 1252 rei
672 1197 854 1274 testimonia,
883 1203 917 1254 ut
944 1194 1017 1254 mibi
1045 1193 1164 1272 quidem
1193 1192 1326 1271 uidetur,

150 1293 274 1351 sortasse
302 1291 435 1350 habenda
463 1299 552 1350 erunt
581 1292 670 1350 etiam
698 1291 861 1352 Philonidis
895 1301 924 1352 et
953 1291 1111 1352 Callistrati
1145 1293 1262 1350 uomina
1291 1292 1325 1348 in

151 1388 317 1448 didascaliis
341 1395 579 1448 commemorata.
617 1386 648 1446 Si
672 1389 763 1464 igitur
783 1389 967 1469 Pamphilum
991 1389 1166 1448 histrionem
1190 1389 1281 1448 luisse
1308 1407 1325 1446 a

150 1486 306 1546 Welchero
335 1496 416 1546 recte
445 1493 588 1545 statutum
618 1495 710 1564 esset,
742 1489 806 1547 eius
836 1506 943 1547 nomen
971 1490 1001 1547 in
1030 1486 1196 1547 didascaliis
1224 1489 1326 1546 inesse

151 1583 254 1643 debuit
278 1583 367 1661 idque
392 1602 426 1642 eo
451 1584 544 1660 magis
568 1581 685 1662 debuit,
712 1584 790 1661 quod
815 1587 980 1661 certissime
1004 1584 1090 1644 breui
1113 1592 1180 1643 ante
1204 1582 1326 1642 Plutum

151 1683 267 1741 doctam
287 1681 315 1740 b.
336 1700 360 1740 e.
381 1690 448 1759 post
463 1680 614 1758 Euripidis
636 1689 761 1740 mortem
776 1680 946 1759 Pamphilus
966 1683 1053 1759 primi
1072 1684 1181 1742 actoris
1200 1699 1327 1741 munere

151 1779 226 1839 male
250 1780 372 1838 iunctus
395 1797 461 1837 esse
484 1777 634 1857 putandus
658 1786 715 1858 est,
745 1781 771 1838 si
796 1779 883 1838 modo
908 1778 1113 1856 Aristophanis
1137 1778 1229 1838 uerba
1253 1778 1327 1856 quid

152 1877 207 1937 sibi
232 1877 343 1937 uellent
366 1895 382 1936 a
406 1875 625 1954 spectatoribus
647 1884 823 1954 perceptum
848 1894 913 1935 esse
934 1886 1085 1955 putamus:
1109 1893 1213 1936 eorum
1236 1877 1328 1955 enim,

153 1978 204 2054 qui
219 1977 354 2052 antiquas
370 1975 551 2051 optimorum
570 1983 724 2052 poetarum
744 1972 858 2033 fabulas
876 1977 984 2034 iterum
1004 1974 1152 2033 docendas
1171 1973 1328 2053 curabant,

153 2076 272 2132 nomina
299 2075 329 2131 in
358 2070 453 2131 titulis
476 2069 534 2129 illis
557 2089 617 2130 non
641 2074 790 2131 nominata
815 2079 929 2131 tantum
953 2080 1036 2151 sunt,
1064 2071 1115 2131 sed
1140 2073 1235 2149 primo
1259 2071 1328 2131 loco

153 2173 315 2249 nominata,
342 2177 375 2228 ut
399 2186 423 2228 1.
448 2185 474 2244 g.
498 2166 637 2248 παλαιᾷ·
665 2161 899 2247 Νεοπτόλεμος
918 2158 1097 2250 Ἰφιγενείᾳ
1121 2160 1328 2248 Εὐριπίδου;

151 2264 290 2348 παλαιᾷ·
314 2258 574 2343 Νεοπτόλεμ[ος]
601 2256 731 2347 Ὀρέστη
757 2256 962 2345 Εὐριπίδον;
988 2263 1137 2348 [παλαιόν’
1169 2262 1328 2344 -ό]στρ[α·

153 2363 222 2440 τος]
249 2363 304 2441 [-
322 2397 363 2406 -
379 2384 403 2422 -ι
426 2353 632 2441 Εὐ]ριπίδου
655 2371 711 2423 etc.
735 2354 790 2423 etc.

243 2461 296 2521 His
313 2461 350 2521 dc
369 2463 466 2520 causis
486 2479 523 2520 ne
543 2460 718 2520 histrionem
738 2460 857 2538 quidem
873 2460 1058 2538 Pamphilum
1078 2462 1168 2521 luisse
1188 2460 1329 2521 arbitrari

155 2560 233 2619 licet.
280 2559 337 2618 Sed
362 2567 426 2618 tum
450 2557 520 2636 quid
545 2557 615 2618 huic
638 2557 703 2618 loco
727 2555 891 2618 iaciemus?
938 2558 993 2617 Diu
1022 2559 1207 2637 multumque
1231 2559 1267 2618 dc
1293 2578 1329 2618 eo

155 2657 314 2717 meditatus
343 2657 419 2716 lorte
448 2656 566 2715 fortuna
597 2673 650 2733 ego
675 2663 786 2716 rectam
810 2659 1085 2735 interpretationem
1111 2658 1181 2716 mihi
1205 2655 1331 2716 uidebar

155 2756 317 2834 inuenisse,
340 2753 420 2814 huuc
443 2752 628 2830 Pamphilum
652 2753 779 2813 eundem
804 2754 954 2814 hominem
978 2773 1043 2814 esse
1063 2754 1219 2814 statuendo
1239 2761 1329 2832 atque

126 2839 128 2843 Α
156 2855 207 2931 qui
231 2851 267 2911 ab
291 2851 487 2928 Aristophane
512 2859 760 2911 commemoratur
784 2854 872 2911 etiam
895 2854 925 2911 in
950 2870 1040 2911 uersu
1066 2848 1143 2912 174:

339 2982 356 3052 ὁ
376 2988 555 3072 Πάμφιλος
579 2983 609 3052 δ’
638 2983 711 3072 οὐχὶ
737 2984 792 3052 διὰ
815 2990 936 3054 τοῦτον
959 2986 1150 3072 clericerum

156 3136 218 3196 lllic
234 3138 312 3194 enim
332 3135 484 3194 adnotauit
504 3133 672 3194 scholiasta:
692 3129 880 3214 Πάμφιλος,
901 3127 992 3208 ὅστις
1004 3131 1177 3214 γεγένηται
1191 3128 1331 3215 κλέπτης

59 3265 62 3272 -
156 3231 223 3293 τῶν
248 3230 430 3312 δημοσίων,
459 3223 579 3293 οὐσίαν
603 3223 783 3311 ἐδημεύθη.
830 3228 865 3292 ἐκ
887 3226 1016 3294 τούτων
1041 3226 1078 3294 δὲ
1102 3229 1331 3294 ἐσπουδακότα

157 3333 313 3391 πλουτεῖν
332 3323 541 3390 κλαόσεσθαί
558 3342 662 3408 φησιν
682 3321 807 3390 ἁλόντα
826 3324 878 3390 ἐπὶ
896 3328 1001 3412 κλοπῇ
1026 3328 1206 3410 δημοσίων.
1242 3331 1330 3391 Prae·

159 3439 240 3490 terea
256 3445 291 3486 ex
308 3445 467 3506 uesparum
480 3445 530 3487 uu.
541 3423 606 3487 568
618 3445 691 3505 sqq,
705 3423 844 3507 illlisqq.
859 3437 889 3488 11
899 3427 1029 3488 Platonis
1043 3428 1202 3507 Apologiae
1216 3447 1243 3506 p.
1254 3426 1331 3489 340

159 3530 331 3606 saepissime
364 3527 452 3584 etiam
487 3523 651 3584 liberorum
683 3523 912 3605 mulierumque
933 3526 1062 3586 lacrimis
1098 3545 1165 3586 reos
1197 3525 1331 3586 iudicum

158 3626 392 3687 misericordiam
412 3626 562 3683 concitare
582 3631 703 3683 conatos
723 3640 787 3681 esse
812 3632 935 3684 constat.
965 3623 1050 3683 Haud
1073 3626 1165 3701 igitur
1188 3623 1332 3683 dissimile

159 3724 229 3803 quid
259 3726 324 3783 ueri
352 3723 491 3781 statuisse
519 3720 590 3780 mihi
620 3718 757 3799 uidebar,
790 3723 816 3780 si
844 3723 933 3781 etiam
960 3720 1145 3800 Pamphilum
1176 3720 1332 3800 peculatus

159 3839 243 3887 reum
268 3820 303 3880 ad
327 3819 405 3879 idem
429 3817 589 3877 artificium
612 3819 652 3876 ita
676 3816 844 3894 confugisse
868 3819 940 3877 mihi
964 3821 1192 3898 persuasissem,
1220 3826 1254 3878 ut
1276 3838 1333 3898 per

159 3927 250 3979 totam
286 3916 392 3976 urbem
425 3918 489 3975 eius
522 3914 741 3974 lamentationis
771 3915 846 3975 fama
880 3917 1076 3996 discurreret,
1113 3919 1212 3993 itaque
1246 3915 1332 3977 facile

160 4015 366 4092 Aristophanis
391 4012 483 4073 uerba
508 4030 572 4072 eam
596 4013 825 4090 perstringentis
844 4023 926 4074 recte
944 4014 1077 4092 intellegi
1095 4021 1225 4093 possent.
1261 4014 1332 4074 Per-

160 4114 266 4190 stringi
294 4119 393 4171 autern
421 4109 500 4170 illam
528 4109 768 4170 lamentationem
796 4113 837 4171 ita
864 4111 1019 4191 opinabar,
1046 4118 1080 4171 ut
1107 4109 1333 4172 lleraclidarum

161 4210 281 4269 nomine
305 4207 392 4268 liberi
413 4208 579 4286 mulierque
599 4207 731 4268 iudicum
751 4209 983 4268 misericordiam
1003 4208 1193 4288 implorantes
1212 4208 1248 4268 ab
1267 4210 1333 4270 Ari·

162 4307 305 4385 stophane
326 4306 487 4386 significari
505 4317 649 4386 putarem.
684 4305 741 4366 Sed
762 4308 897 4384 quamuis
917 4325 1094 4384 magnopere
1110 4304 1244 4386 laetatus,
1263 4325 1334 4367 cum

161 4406 195 4465 ad
212 4405 287 4464 hanc
302 4407 579 4484 interpretationem
597 4406 812 4484 peruenissem,
831 4412 929 4464 tamen
947 4412 1050 4483 postea
1069 4421 1133 4463 eam
1152 4403 1333 4466 reiciendum
