2956 5092
598 255 818 318 ..93-

209 419 229 480 l.
260 418 414 479 Neminem
438 421 469 479 in
489 437 521 477 ea
542 416 703 496 quidquam
722 419 788 477 ueri
806 417 960 497 bonaeque
980 418 1177 479 adnotationis
1196 420 1292 480 simile

112 520 218 577 inesse
246 519 387 577 statuisse
417 517 503 577 uideo
532 523 650 594 praeter
678 533 770 575 nnrrm
799 515 991 576 Franciscum
1014 515 1176 596 hiberum,
1206 521 1292 578 cuius

112 617 214 693 ipsius
241 614 334 675 uerba
363 614 519 674 breuitatis
546 631 633 673 causa
658 631 810 690 apponam.
857 613 934 673 Dicit
957 616 1036 673 enim
1059 633 1087 693 p.
1111 611 1154 674 55
1170 633 1213 693 sq.
1244 614 1293 674 hio

115 715 167 772 uir
186 712 292 772 doctus
312 711 400 771 haec:
423 705 523 769 ‘Falsa
543 719 589 769 est
608 710 781 770 scholiastae
800 711 969 790 explicati03
994 713 1019 770 si
1039 711 1165 789 legimus
1184 703 1291 789 εἰδώς,

114 811 177 870 hoc
214 829 281 870 cum
318 799 454 870 πύθοιτ’
490 827 577 867 unam
613 809 731 867 efficere
766 811 916 868 notionem
949 809 1138 868 statuendum
1171 817 1230 869 est:
1267 811 1293 868 si

114 907 253 984 luppiter
280 906 388 965 horum
417 905 506 965 stulta
535 905 656 965 consilia
684 908 868 983 perspiciens
897 908 1084 986 cognouerit,
1112 925 1160 966 me
1184 908 1293 965 contri-

116 1006 207 1064 uerit.
254 1003 311 1063 Sed
343 1021 375 1061 ea
406 1004 551 1062 sententia
582 1012 611 1060 ct
639 1002 801 1063 uerborum
829 1004 982 1064 collocatio
1007 1023 1202 1082 comparum
1226 1021 1293 1082 pro·

115 1101 241 1161 baretur
272 1103 330 1177 ipsi
363 1108 480 1178 poetae,
518 1100 627 1176 prioris
659 1118 766 1159 uersus
799 1109 913 1179 partem
947 1105 978 1160 in
1008 1101 1095 1161 Pluto
1128 1103 1292 1180 posteriore

120 1198 300 1258 emendauit.
338 1198 375 1257 ht
399 1193 568 1274 quomodo?
605 1195 636 1254 ln
662 1194 842 1258 Brunchiaui
866 1198 977 1258 codicis
1000 1202 1133 1276 margine
1157 1198 1292 1277 libroque

116 1297 290 1356 Rauennate
314 1314 368 1373 pro
393 1291 489 1366 stuttg
512 1294 621 1369 legitur
640 1284 706 1353 οἷδ’
730 1285 785 1371 ὡς,
809 1313 884 1373 quae
906 1298 1053 1374 scriptura
1072 1313 1126 1375 pro
1146 1297 1293 1355 sententia

120 1393 248 1454 obscura
281 1394 451 1471 suppeditat
483 1391 597 1450 facilem
631 1401 660 1450 et
694 1391 834 1472 lucidam,
865 1411 918 1469 pro
951 1393 1112 1452 [sorborum
1142 1399 1293 1450 structura

117 1494 257 1550 intricata
284 1491 548 1570 expeditissimam:
577 1506 633 1565 qua
663 1488 698 1548 de
728 1508 815 1548 causa
844 1493 1042 1550 certissimum
1067 1489 1138 1549 mihi
1172 1489 1292 1548 uidetur

120 1588 200 1647 illam
224 1587 461 1647 emendationem
485 1585 521 1645 ab
544 1588 608 1664 ipso
632 1595 717 1664 poeta
739 1588 770 1645 in
790 1588 920 1647 secunda
939 1588 1018 1647 Pluti
1037 1588 1165 1646 editione
1186 1588 1292 1646 laetam

120 1681 211 1745 esse’
258 1686 295 1745 ht
324 1686 395 1745 mibi
423 1685 656 1744 incertissimum
684 1684 812 1743 uidetur.
858 1683 963 1743 Paucis
993 1694 1107 1745 tantum
1136 1686 1200 1743 eius
1225 1702 1290 1743 sen-

119 1783 243 1842 teutiam
257 1783 407 1841 infirmare
423 1780 557 1841 studebo.
581 1779 713 1840 Primum
729 1799 792 1839 eam
809 1781 1041 1861 explicationem,
1057 1800 1144 1860 quam
1158 1780 1292 1841 Ritterus

118 1882 275 1958 proposuit
300 1880 461 1940 uerborum
489 1870 587 1948 stade
614 1877 645 1936 al
670 1870 832 1954 πύθοιτο,
862 1881 981 1938 omnino
1009 1879 1111 1938 salsam
1139 1882 1292 1939 nominare

119 1996 179 2037 non
199 1977 315 2058 dubit03
336 1996 401 2037 narn
423 1994 542 2054 quoquo
562 1983 590 2034 te
611 1978 749 2055 nemoris,
769 1993 887 2053 semper
904 1967 1125 2055 ταύτολογίαν
1145 1979 1292 2056 quandam

120 2074 257 2156 habebis3
281 2075 369 2134 talem
393 2086 491 2135 autem
514 2064 745 2150 endromydem,
770 2072 864 2149 qualis
888 2073 960 2132 haec
987 2083 1040 2152 est,
1064 2075 1292 2153 Aristophanem

119 2191 260 2250 umquam
275 2173 428 2231 admisisse
444 2172 582 2231 arbitrari
601 2166 691 2230 ‘tanti
705 2163 834 2248 poetae',
858 2178 891 2229 ut
910 2189 978 2230 cum
993 2170 1159 2231 Fritzschio
1179 2173 1292 2252 loquar,

120 2265 264 2347 ‘persona
287 2270 524 2347 indignissimum
548 2263 630 2328 esse’
654 2269 805 2347 profiteor.
851 2267 962 2326 Deinde
986 2269 1058 2328 illud
1084 2270 1204 2348 quidem
1227 2271 1293 2329 fieri

118 2369 252 2445 potuisse
273 2386 332 2426 uon
352 2386 437 2448 nego,
456 2375 490 2427 ut
508 2370 566 2426 iam
585 2369 615 2425 in
635 2369 764 2444 antiquis
784 2364 936 2424 codicibus
958 2355 1023 2424 οἶδ’
1047 2357 1090 2438 ὡς
1110 2370 1139 2425 in
1160 2370 1292 2446 margine

118 2465 283 2546 legeretur,
316 2466 368 2524 sed
396 2466 621 2543 Aristophanem
655 2467 694 2522 ita
723 2465 878 2540 scripsisse
907 2481 974 2521 cum
1003 2462 1177 2542 Bambergio
1206 2483 1292 2546 nego,

119 2565 172 2641 qui
195 2565 226 2622 in
249 2562 434 2622 Fleckeiscni
458 2562 611 2622 annalibus
634 2561 713 2620 illam
738 2559 1061 2639 quidem‘locutioncm
1085 2552 1151 2621 οἷδ’
1178 2553 1229 2622 ὅτι
1252 2566 1292 2622 ita

118 2663 200 2720 inter
220 2671 319 2719 cetera
337 2660 429 2719 uerba
448 2662 606 2738 interponi,
626 2675 771 2736 nusquam
791 2664 888 2716 autern
909 2647 974 2716 οἷδ’
992 2648 1037 2729 ὡς
1055 2661 1095 2716 ita
1116 2668 1291 2737 usurpatum

118 2776 187 2818 esse
210 2758 291 2818 dixit.
336 2757 439 2836 Neque
464 2776 563 2816 errare
587 2757 659 2815 mihi
683 2755 795 2834 uideor,
820 2756 844 2812 si
868 2756 1046 2832 scripturam
1071 2745 1136 2814 οἷδ’
1164 2747 1208 2828 ὡς
1231 2774 1292 2814 uon

117 2859 219 2916 miuus
250 2856 449 2914 coniecturam
478 2873 544 2914 esse
571 2854 755 2931 grammatici
782 2854 884 2910 nescio
914 2853 999 2911 cuius
1028 2852 1174 2919 contendo
1204 2871 1291 2930 quam

118 2952 277 3012 Fritzschii
300 2955 506 3012 mutationem:

279 3056 296 3126 ὁ
322 3058 406 3138 Ζεὺς
428 3060 489 3146 μὲν
514 3051 589 3143 οὖν,
612 3052 633 3143 ἦ
658 3056 688 3123 d’
711 3055 758 3142 ὅς,
781 3055 821 3123 τὰ
843 3056 972 3124 τούτων
996 3054 1079 3144 μῶρ’
1102 3053 1145 3122 dv
1169 3061 1200 3123 εἰ

276 3155 412 3224 πύθοιτ’
439 3155 488 3242 ἔμ’
515 3159 701 3243 ἐπιτρίψειε.

212 3287 246 3347 ll.
282 3288 360 3347 Alias
383 3291 460 3367 uias,
488 3288 540 3346 sed
563 3289 642 3347 inter
666 3306 697 3346 se
721 3287 832 3346 similes
854 3286 982 3364 ingressi
1005 3293 1075 3344 sunt
1098 3284 1291 3346 Thierschius

122 3394 153 3445 et
176 3385 421 3464 Heldermanuus‚
445 3403 572 3462 quorum
595 3384 643 3442 ille
667 3383 751 3444 dicit:
775 3379 896 3444 ‘Melius
919 3392 1000 3442 certe
1024 3382 1088 3462 tuit,
1112 3383 1138 3440 si
1159 3381 1291 3462 dixisset,

122 3479 269 3562 quomodo
298 3472 429 3543 mutatus
457 3491 548 3562 esset3
582 3481 660 3560 quod
689 3500 780 3559 quum
809 3485 972 3560 omitteret,
1000 3499 1121 3561 uereor,
1150 3501 1186 3541 ne
1215 3500 1292 3541 uana

122 3583 277 3641 iactauerit
301 3575 442 3659 somnia'3
466 3580 514 3640 hic
538 3597 610 3638 uero
634 3578 707 3638 haec
730 3579 822 3639 uerba
846 3580 928 3638 facit:
957 3574 1051 3649 ‘Quid
1075 3585 1219 3638 mutatum
1244 3580 1292 3658 sit,

122 3697 181 3738 uon
200 3678 324 3759 addidit3
348 3680 493 3757 suspicari
511 3677 580 3736 licet
599 3694 692 3754 aeque
712 3684 800 3754 atque
819 3679 850 3736 iu
869 3679 1024 3754 superiore
1045 3695 1136 3735 uersu
1156 3675 1291 3736 lectionis

122 3777 296 3836 uarietatem
312 3775 383 3834 nihil
398 3777 489 3835 luisse
505 3777 562 3834 nisi
576 3775 760 3852 grammatici
774 3773 907 3851 alicuius,
927 3776 977 3850 qui
995 3772 1087 3831 uerba
1102 3791 1161 3832 non
1176 3773 1290 3833 intelle·

122 3880 206 3950 geret
229 3868 507 3951 interpolationem'

210 3970 260 4030 lll.
283 3970 353 4030 Mihi
368 3970 488 4049 quidem
504 3969 534 4030 C.
549 3969 579 4028 F.
594 3967 755 4028 Hermanni
762 3961 786 4048 ¹)
810 3959 892 4050 (Ges.
908 3967 980 4027 Abh.
996 3987 1024 4046 p.
1038 3965 1098 4048 45)
1114 3970 1290 4029 sententiam

197 4090 223 4155 1)
241 4088 396 4142 Hermenni
409 4088 497 4142 uerbo
511 4090 576 4141 sunt
588 4088 670 4140 hoec:
693 4085 775 4138 ‘Dass
794 4083 839 4137 dia
854 4081 1006 4152 Korruptel
1025 4085 1067 4139 alt
1085 4087 1131 4152 ist,
1148 4086 1223 4156 zeigt
1242 4087 1291 4140 das

123 4167 269 4235 Scholion3
294 4185 324 4222 so
348 4167 413 4220 dass
437 4186 502 4222 man
524 4166 598 4220 wohl
621 4164 671 4220 auf
691 4164 745 4219 den
770 4162 922 4218 Gedenken
945 4163 1077 4219 hominen
1099 4165 1219 4233 lxdnnte,
1244 4167 1293 4220 der

122 4247 266 4303 Scholiost
288 4247 360 4354 hpbe
382 4246 475 4301 blosse
499 4248 651 4301 Varianten
674 4244 719 4298 fiir
741 4244 825 4297 Resie
848 4241 897 4296 der
926 4241 1079 4310 doppelten
1102 4243 1292 4316 Bearbeitnng

121 4345 297 4401 genommen.
