2956 5092
617 330 859 393 „100-

152 494 210 554 boc
229 493 406 554 uocabulum
426 495 542 553 cautius
561 493 681 552 uidetur
700 511 736 552 ex
750 491 829 552 Pluti
848 495 957 571 prioris
972 493 1144 572 fragmentis
1163 493 1326 555 seclusisse

151 610 238 670 quam
261 594 340 652 inter
363 611 397 651 ea
420 590 579 651 rettulisse.

240 689 270 766 ἓ.
297 687 346 751 18.
387 689 447 748 lam
471 687 620 767 reliquum
646 695 691 747 est
715 689 910 766 fragmentum
934 684 1000 748 450
1023 707 1059 748 ex
1083 688 1211 749 Belrkeri
1228 689 1326 750 Aneo-

124 823 127 829 -
151 787 228 846 dotis
255 785 326 868 113,
353 785 391 847 11
423 787 644 864 depromptum:
673 780 837 865 ῥοφῆσαι,
866 776 921 844 διὰ
949 783 1010 845 τοῦ
1040 777 1327 866 ῦἏριστοφοὶνης

44 947 48 951 ,
151 877 304 968 Πλούτῳ.
346 885 389 945 Νε
408 886 465 944 hoc
485 883 604 963 quidem
625 881 801 943 uocabulum
820 884 850 941 in
870 881 956 942 Pluto
976 886 1136 961 superstite
1156 885 1327 965 inuenitur3

152 983 203 1042 sed
228 979 321 1060 quid?
353 985 378 1042 si
402 1001 483 1062 eum,
507 984 559 1060 qui
581 981 796 1040 Antiattioistae
820 978 875 1038 boc
900 979 1042 1039 scribenti
1065 979 1242 1041 obuersatus
1268 993 1326 1062 est,

151 1098 274 1139 uersum
298 1080 393 1140 adbuc
417 1088 533 1140 exstare
557 1072 760 1138 contendero?
796 1075 840 1134 An
864 1094 901 1134 ne
925 1079 1048 1154 cogitari
1072 1078 1190 1156 quidem
1214 1088 1325 1157 potest,

151 1177 378 1237 Antiatticistam
397 1177 444 1237 illa
465 1178 620 1255 scripsisse
639 1175 719 1234 bnnc
738 1190 860 1231 uersum
879 1174 1059 1235 intuentem:
1079 1167 1141 1252 ἐγὼ
1157 1167 1221 1254 γάρ
1236 1174 1330 1255 φημί

152 1288 205 1334 σοι
228 1268 381 1354 παρέξειν
401 1321 407 1333 .
427 1319 434 1334 .
453 1265 558 1354 μηδὲν
583 1268 706 1352 δρῶντι
730 1266 857 1355 μισθοῦ
874 1269 1034 1350 τρυβλίον
1054 1267 1210 1351 ῥοφῆσαι.
1245 1271 1324 1332 Sub-

153 1374 233 1451 siste,
262 1391 382 1452 quaeso,
406 1371 535 1432 subsiste
560 1366 749 1448 aliquamdiu,
772 1368 941 1427 uenerande
965 1367 1067 1450 lector,
1095 1376 1125 1427 et
1147 1370 1324 1448 priusquam

150 1471 304 1547 sequentia
333 1469 421 1550 legas,
449 1467 606 1546 responde,
630 1483 728 1524 nonne
751 1465 806 1525 tibi
833 1468 890 1544 ipsi
920 1485 1038 1544 quoqne
1066 1465 1144 1525 idem
1176 1466 1325 1528 uideatur.

148 1565 253 1625 Nonne
273 1565 308 1625 ad
329 1566 447 1627 Plutum
466 1567 617 1645 pertinere
641 1560 695 1621 tibi
721 1558 863 1622 uidetur?
896 1563 992 1640 Atque
1011 1570 1045 1622 nt
1064 1562 1178 1622 facilius
1196 1581 1324 1641 respon-

150 1663 228 1743 deas,
252 1665 340 1722 ctiam
364 1683 379 1723 e
402 1664 489 1724 Pluto
514 1661 673 1741 superstite
697 1657 794 1717 locum
818 1658 872 1718 tibi
896 1660 1059 1720 adscribam
1084 1680 1151 1721 cum
1168 1661 1222 1721 illo
1242 1681 1324 1722 com·

149 1761 311 1839 parandum
335 1761 428 1822 hunc:
452 1754 633 1844 (Πλοῦτος)
657 1748 787 1833 ποιήσει
811 1749 938 1828 πάντας
961 1749 1123 1837 χρηστοὺς
1140 1752 1196 1818 καὶ
1219 1759 1324 1820 πλου-

149 1855 290 1929 τοῦντας
323 1850 432 1938 δήπου
464 1849 504 1918 τά
531 1875 566 1916 τε
595 1856 674 1914 θεῖα
702 1846 869 1932 σέβοντας.
909 1854 1016 1914 καίτοι
1044 1849 1166 1916 τούτου
1197 1854 1246 1928 τίς
1280 1846 1325 1917 ἂν

151 1947 279 2032 ἐξεύροι
314 1947 387 2016 ποτ’
419 1947 573 2035 dustrem
603 1998 610 2013 .
634 1998 641 2012 .
666 1997 672 2009 .
701 1941 777 2010 οὔτε
803 1945 924 2030 τέχνην
956 1941 999 2011 ἂν
1027 1951 1095 2013 τῶν
1128 1944 1325 2031 ἀνθρώπων

151 2044 225 2112 οὔτ’
251 2041 293 2112 ἂν
318 2051 441 2131 σοφίαν
465 2043 608 2134 μελετῴη
633 2042 756 2119 οὐδείς·
781 2043 1013 2127 ...ἐθελήσει
1035 2048 1084 2120 τίς
1107 2043 1282 2128 χαλκεύειν
1302 2040 1323 2130 ἢ

153 2157 337 2230 ναυπηγεῖν
357 2140 377 2230 ἢ
398 2146 533 2231 ῥάπτειν
553 2195 559 2210 .
579 2195 612 2209 ..
636 2137 678 2226 ἢν
703 2140 765 2225 ἐξῇ
796 2141 860 2222 ζῆν
889 2136 1024 2225 ἀργοῖς
1051 2136 1145 2226 ἡμῖν
1167 2139 1324 2209 τούτων

148 2239 308 2307 πάντων
336 2237 570 2328 ἆμελοῦσιν;
603 2244 655 2304 llis
679 2240 826 2322 uersibus
850 2242 959 2320 quibus
982 2243 1066 2303 facilc
1091 2246 1157 2322 quis
1180 2243 1252 2304 alios
1272 2245 1324 2305 ad·

150 2344 267 2423 diderit,
290 2344 431 2422 perlectis
450 2355 483 2405 tu
502 2347 565 2423 ipse
586 2359 713 2421 quoque,
738 2339 836 2419 credo,
855 2341 1010 2421 concedes,
1032 2341 1115 2400 illum
1134 2345 1323 2421 superiorem

149 2460 272 2501 uersum
300 2441 388 2501 talem
418 2461 496 2522 esse,
524 2450 557 2501 ut
585 2437 722 2498 facillime
751 2437 786 2495 ad
814 2436 933 2496 Plutum
961 2439 1068 2498 referri
1098 2441 1191 2516 possit
1214 2438 1250 2499 ab
1276 2458 1323 2523 eo,

151 2541 202 2617 qni
225 2539 317 2598 uerba
341 2541 461 2618 quidem
484 2541 546 2618 ipsa
570 2537 713 2596 memoria
735 2541 843 2615 teneat,
867 2535 918 2594 sed
942 2537 1065 2614 originis
1089 2555 1191 2597 eornm
1210 2537 1322 2598 oblitus

149 2638 196 2696 sit.
247 2635 285 2696 Et
312 2644 410 2696 tamen
442 2637 490 2696 hic
518 2653 625 2696 uersus
654 2633 774 2691 minime
807 2632 841 2692 ad
870 2632 988 2694 Plutum
1021 2636 1164 2714 pertinet,
1198 2635 1249 2694 sed
1284 2654 1321 2695 ex

150 2731 309 2811 Equitibus
332 2734 430 2794 fabula
453 2733 647 2812 depromptus
671 2737 735 2789 erat
758 2749 785 2792 u.
809 2726 883 2792 905.

239 2825 288 2891 ‘At
310 2831 360 2890 illo
384 2826 542 2909 ‘equitum'
565 2830 630 2889 loco
654 2822 801 2907 ῥοφῆσαι
823 2845 877 2905 per
896 2832 916 2887 6
935 2831 1078 2907 scriptum
1102 2828 1236 2910 legimus,
1260 2848 1321 2890 non

151 2921 301 3007 ῥοφῆσαι
320 2947 373 3006 per
391 2923 433 2990 ῦ.’
468 2927 556 3008 Sane,
576 2926 646 3005 quid
667 2931 763 2984 antem
783 2923 840 2982 hoc
859 2922 1002 3003 impedit?
1024 2925 1067 2985 Ne
1083 2928 1161 2986 enim
1180 2925 1321 2986 bleinekii

150 3022 185 3082 ad
219 3042 264 3101 eq.
293 3021 334 3085 89
368 3014 714 3108 (κννοπνθρολήρεον)
747 3022 872 3098 uestigia
903 3041 1035 3100 premam
1072 3042 1105 3083 ac
1145 3030 1318 3083 contextum

151 3124 305 3200 corrigens
328 3122 554 3200 Aristophanem
578 3122 704 3180 sortasse
722 3118 779 3177 hoc
799 3136 916 3196 quoque
936 3119 1001 3179 loco
1020 3121 1112 3180 forma
1132 3120 1229 3180 lonica
1249 3139 1320 3180 con·

149 3217 227 3278 sulto
252 3236 339 3278 usum
359 3237 424 3279 esse
444 3222 609 3279 enuntiem:
633 3235 712 3277 nunc
732 3217 872 3292 quoniam
891 3216 1097 3300 intelleximus,
1122 3236 1208 3296 quam
1227 3217 1320 3277 lubri-

150 3334 204 3375 cus
223 3323 254 3375 et
272 3315 399 3375 errando
418 3335 531 3394 pronus
550 3318 589 3375 sit
607 3324 687 3375 totus
706 3313 754 3372 bic
774 3330 904 3393 campus,
927 3333 985 3373 una
1004 3314 1102 3375 littera
1122 3334 1192 3374 num
1212 3314 1320 3376 adduci

149 3423 178 3472 te
198 3414 330 3493 patieris,
349 3422 382 3472 ut
398 3415 598 3472 coniecturam
618 3414 676 3471 iam
694 3409 846 3490 probatam
866 3409 993 3472 reicias?
1017 3408 1065 3472 ‘At
1083 3413 1119 3473 de
1138 3414 1184 3473 his
1204 3414 1320 3474 duabus

148 3509 249 3589 rebus,
273 3509 362 3569 etde
387 3509 483 3570 sabula
508 3509 596 3569 etde
621 3510 724 3586 forma,
747 3507 974 3568 Antiatticistam
998 3529 1114 3570 errasse
1137 3513 1243 3570 nimiae
1268 3530 1320 3570 an-

150 3608 249 3667 daciae
273 3616 320 3666 est
343 3602 495 3667 statuere?
538 3606 594 3666 Sed
619 3609 648 3665 in
673 3607 837 3683 fragmento
859 3602 925 3667 445
949 3601 1011 3687 (uel
1035 3607 1147 3668 Cratini
1170 3608 1205 3667 lr.
1233 3601 1319 3690 168),

148 3705 227 3783 quod
243 3712 289 3764 est
303 3694 504 3784 ἄναπηρίαν,
525 3702 749 3782 contemplando
765 3721 863 3762 nonne
881 3704 959 3764 idem
974 3706 1115 3765 accidisse
1135 3699 1319 3786 uidimus‘ll)

237 3800 266 3877 ξ.
296 3797 346 3861 19,
387 3804 482 3880 Atque
511 3805 536 3861 si
564 3803 652 3861 etiam
680 3818 759 3860 nunc
787 3802 928 3880 refragari
960 3821 1019 3862 non
1043 3803 1174 3883 desines,
1202 3822 1239 3863 ne
1263 3823 1318 3882 ego

150 3899 270 3978 quidem
289 3897 411 3982 diutius,
435 3909 468 3960 ut
486 3899 541 3960 tibi
559 3898 763 3979 persuadeam,
782 3899 916 3981 studebo,
940 3918 1006 3960 cum
1026 3903 1210 3981 praesertim,
1229 3903 1318 3960 etiam

148 4001 174 4058 si
197 3999 286 4058 burins
305 4001 492 4058 coniecturae
513 3996 784 4076 comprobationem
803 4005 981 4075 extorquere
1004 3996 1058 4057 tibi
1076 4015 1203 4077 possem,
1222 4015 1316 4056 unum

148 4096 244 4157 adhuc
273 4098 470 4175 fragmentum
493 4093 557 4156 447
586 4103 692 4174 restet,
720 4096 769 4154 cui
797 4094 868 4173 quid
892 4095 1009 4175 faciam,
1039 4097 1171 4155 incertus
1199 4095 1316 4154 haereo.

220 4322 247 4389 1)
276 4319 406 4375 Ceterum
433 4320 616 4374 scholiasbam
645 4335 686 4386 eq.
715 4337 741 4372 v.
767 4323 819 4371 905
847 4317 876 4370 in
905 4317 999 4373 animo
1027 4317 1160 4372 babuisse
1187 4318 1316 4372 lubenter

148 4399 274 4455 desinam
293 4399 471 4468 contendere,
490 4400 538 4454 ubi
557 4399 619 4468 quis
637 4400 730 4453 locum
749 4397 886 4466 aptiorem
903 4396 1088 4466 indagauerib
1183 4445 1185 4449 .
