2956 5092
774 355 991 419 ,66-

305 526 387 599 sunt,
415 525 449 577 ut
470 521 603 596 ipsorum
628 517 852 577 scholiastarum
875 510 1198 597 αύτοσχεδιύσματα,
1229 526 1330 577 contra
1360 516 1478 574 auiri

304 617 376 675 satis
394 615 520 675 literatis
543 617 676 693 prolecta
700 633 766 675 esse
786 614 953 696 uideantur,
977 618 1028 694 qui
1053 617 1078 674 si
1100 615 1228 694 illorum,
1252 633 1327 693 quos
1350 615 1410 674 huc
1432 633 1467 674 re

304 714 430 792 ferrent,
458 713 592 773 locorum
620 731 768 773 memores
797 720 895 793 erant,
925 731 984 771 non
1008 713 1109 792 uideo,
1134 731 1188 772 cur
1211 714 1254 771 eis
1278 712 1355 771 Pluti
1380 712 1466 790 dupli

303 828 368 869 cem
383 812 588 870 recensionem
608 828 733 887 prorsus
752 812 883 888 ignotam
903 810 996 870 fuisse
1014 810 1156 870 iudicem:
1176 809 1248 869 illud
1263 812 1382 888 inquam
1404 811 1477 870 mih'

301 907 489 986 probabilius
513 908 681 987 uideretur,
712 909 770 966 nisi
797 925 920 986 prorsus
949 907 1034 966 aliam
1064 907 1179 985 ingredi
1212 909 1290 967 uiam
1323 917 1472 985 praestar

302 1008 509 1066 existimarem.

322 1102 327 1110 '
391 1102 419 1179 ἓ.
448 1100 477 1164 3.
522 1101 648 1162 Exstant
677 1105 754 1162 enim
787 1104 866 1163 inter
899 1103 1071 1162 scholiastes
1103 1104 1130 1161 ei
1168 1118 1299 1181 quoque,
1333 1104 1385 1179 qui
1416 1121 1475 1161 non

301 1203 507 1280 posteriorem,
532 1200 583 1260 sed
607 1202 738 1278 priorem
757 1198 836 1259 Pluti
860 1199 988 1260 fabulam
1011 1199 1110 1278 legere
1134 1199 1190 1258 sihi
1214 1202 1271 1259 uisi
1295 1201 1363 1278 sint,
1388 1202 1475 1276 eique

302 1300 422 1357 minime
451 1299 539 1376 uileS,
570 1298 621 1358 sed
653 1299 705 1375 qui
733 1315 769 1356 ex
798 1296 970 1358 auctoribus
1000 1299 1070 1356 satis
1099 1299 1228 1375 antiquis
1256 1315 1309 1356 sua
1339 1293 1474 1355 hausisse

301 1396 423 1473 putandi
443 1398 511 1456 sint.
557 1395 614 1465 Qui
638 1394 708 1473 quid
728 1394 938 1473 iudicauerint,
962 1396 1101 1472 quoniam
1120 1396 1239 1455 maximi
1259 1397 1400 1454 momenti
1420 1403 1473 1473 est,

302 1494 485 1572 singulorum
509 1492 697 1572 pertractabo
720 1495 784 1570 ipsa
808 1491 907 1552 uerba.

389 1590 410 1651 l.
447 1591 544 1669 Atque
572 1594 701 1670 primum
720 1590 839 1649 afferam
864 1591 1065 1650 testimonium
1095 1589 1268 1650 scholiastae
1293 1590 1328 1648 ad
1350 1609 1378 1649 u.
1398 1587 1473 1650 972.

302 1689 330 1748 ls
354 1691 433 1748 enim
456 1688 492 1748 ad
517 1707 639 1749 uersum
662 1685 727 1748 972
747 1687 952 1766 explicandum
976 1691 1028 1767 qui
1051 1698 1109 1749 est:

512 1820 580 1890 ἄλλ’
600 1819 641 1890 ού
665 1819 799 1909 λαχούσ’
821 1827 930 1902 ἔπινες
953 1825 1053 1914 ἐντῷ
1077 1822 1259 1911 μρύμματι;

301 1973 373 2031 haec
397 1968 531 2032 adnotat:
557 1963 631 2051 παρ’
657 1962 823 2032 ὑπόνοιαν
851 1961 927 2031 ἀντὶ
958 1968 1020 2032 τού
1053 1969 1204 2046 ἐδίκαζες.
1238 1963 1289 2032 ὅτι
1322 1966 1358 2032 δὲ
1390 1965 1474 2034 κατὰ

301 2063 436 2149 μρύμμα
455 2065 659 2148 ἐκληροῦντο
675 2063 752 2150 (scil.
772 2065 808 2128 oi
820 2064 998 2149 δικασταί),
1016 2069 1222 2148 προείρηται·
1243 2060 1282 2129 ού
1301 2060 1368 2148 μὴν
1387 2060 1473 2129 ἀλλὰ

301 2162 357 2226 καὶ
380 2163 562 2245 ἐβούλευον
586 2151 679 2226 οὗτοι
702 2164 746 2250 τῷ
771 2157 835 2246 πρὸ
855 2160 978 2226 τούτου
1002 2165 1065 2226 ἔτει
1088 2158 1279 2246 ύρξύμενοι·
1304 2158 1387 2245 φησὶ
1408 2158 1473 2244 γὰρ

304 2257 503 2346 Φιλόχορος,
531 2258 583 2324 ἐπὶ
611 2262 827 2324 Γλαυκίππου
854 2258 908 2322 καί
937 2254 956 2342 ἡ
982 2255 1086 2343 βουλὴ
1119 2258 1193 2324 τότε
1224 2261 1357 2340 πρῶτον
1388 2257 1473 2324 κατὰ

302 2355 437 2442 γράμμα
466 2358 646 2435 ἐκαθέζετο.
698 2361 876 2440 Glaucippus
903 2369 1001 2420 autem
1032 2363 1112 2440 quia,
1146 2370 1179 2420 ut
1211 2379 1299 2439 supra
1332 2362 1473 2441 uidimus,

301 2460 412 2520 archon
435 2468 499 2520 erat
519 2478 681 2539 eponymus
701 2461 770 2519 anni
787 2454 903 2537 410s9,
926 2458 996 2518 inde
1014 2458 1248 2518 luculentissime
1269 2461 1473 2539 consequitur,

301 2561 352 2636 qui
380 2557 453 2618 haec
481 2557 573 2617 uerba
601 2559 769 2637 scripserit,
798 2575 866 2616 eum
896 2555 1015 2616 Plutum
1042 2558 1172 2633 priorem
1200 2555 1256 2615 sibi
1289 2557 1472 2616 tractandam

300 2673 365 2714 csse
389 2658 550 2715 censuisse.

389 2753 424 2814 ll.
461 2753 542 2813 ldem
570 2753 767 2832 colligendum
795 2761 841 2812 est
869 2770 904 2812 ex
928 2753 1029 2813 uerbis
1058 2752 1162 2813 scholii
1185 2753 1220 2812 ad
1246 2771 1275 2813 u.
1302 2750 1395 2829 1146,
1420 2754 1473 2814 uhi

300 2851 335 2910 ad
360 2851 540 2930 explananda
562 2851 704 2911 Mercurii
721 2850 813 2911 uerba
836 2851 923 2911 haec:

481 2986 525 3073 μη
548 2985 808 3073 μνησικακήσῃς,
831 2992 860 3052 εἰ
883 2983 925 3053 σύ
951 2986 1067 3071 Φυλὴν
1090 2987 1278 3070 κατέλαβες·

299 3143 456 3214 postquam
484 3135 531 3195 lex
560 3135 609 3195 illa
638 3134 796 3195 ohlinionis
826 3137 980 3195 notissima
1008 3135 1093 3194 allata
1122 3143 1181 3215 est,
1208 3134 1286 3193 idem
1316 3134 1365 3194 uel
1395 3136 1471 3196 alius

300 3232 419 3311 quidam
433 3236 583 3311 interpres
598 3234 642 3293 sic
656 3232 756 3292 dicere
771 3235 881 3311 pergit:
904 3224 988 3293 ἀλλὰ
1002 3225 1105 3293 ταύτύ
1124 3251 1161 3310 με
1176 3222 1269 3293 ούπω
1289 3226 1470 3312 ἐπέπρακτο

300 3323 380 3390 οὐδὲ
409 3322 449 3390 τὰ
478 3325 530 3390 ἐπὶ
552 3328 621 3391 τῶν
642 3323 821 3410 τριάκοντα
851 3315 994 3421 ἤδηῆν,
1018 3321 1103 3390 ύλλὰ
1125 3324 1191 3407 καὶ,
1215 3319 1260 3402 ὡς
1286 3323 1472 3410 Φιλόχορός

299 3441 414 3507 φησιν,
442 3423 574 3510 πέμπτῳ
604 3426 668 3488 ἔτει
695 3421 837 3507 ὕστερον
870 3427 964 3506 νίκης
995 3422 1052 3505 (sic
1084 3428 1163 3487 haud
1196 3429 1257 3487 scio
1291 3446 1327 3487 an
1360 3430 1470 3506 optime

300 3525 433 3604 suppleri
451 3519 560 3607 possit)
579 3521 637 3604 τῆς
655 3517 898 3604 Θρασυβούλου
915 3519 1096 3605 γενομένης
1115 3524 1253 3604 Κριτίας
1267 3521 1304 3585 ἐν
1320 3526 1473 3603 Πειραιεῖ

299 3620 444 3704 τελευτᾷ.
482 3620 581 3683 τοῦτο
606 3607 669 3682 οὖν
697 3618 786 3683 ἔοικέ
805 3641 855 3693 τις
882 3618 918 3682 έκ
940 3620 1001 3683 τού
1024 3618 1183 3704 δευτέρου
1210 3615 1369 3683 Πλούτου
1399 3643 1470 3702 μετ-

299 3713 444 3799 ενεγκὼν
472 3713 597 3781 ἐνθάδε
627 3710 830 3799 ὀλιγωρησαι
853 3723 911 3798 τῆς
937 3711 1074 3800 ἀλογίας
1095 3712 1227 3799 ταύτης,
1249 3709 1269 3799 ἢ
1295 3713 1350 3780 καὶ
1369 3713 1471 3792 αὐτὸς

299 3809 317 3879 ὁ
341 3809 478 3898 ποιητὴς
501 3812 644 3897 ὕστερον
668 3813 828 3877 ἐνθεῖναι.
865 3815 982 3878 Etenim
1001 3819 1074 3878 haec
1093 3837 1211 3896 quoque
1236 3820 1286 3896 qui
1300 3817 1471 3899 perlegerit,

299 3920 327 3976 ei
354 3917 477 3976 dubium
506 3936 566 3976 non
595 3919 665 3996 erit,
694 3918 765 3993 quin
794 3915 842 3974 hic
870 3915 1026 3976 scholiasta
1051 3935 1083 3976 se
1111 3919 1241 3994 priorem
1264 3916 1470 3994 Aristophanis

298 4013 420 4074 Plutum
439 4013 575 4074 manibus
594 4022 693 4074 terere
717 4012 774 4072 sihi
797 4014 882 4072 uisus
906 4015 953 4090 sit,
977 4013 1033 4073 hoc
1056 4023 1154 4073 tamen
1173 4014 1345 4074 discrimine
1364 4013 1400 4072 ah
1419 4013 1470 4073 illo

299 4111 455 4171 scholiasta
480 4112 693 4191 intercedente,
725 4118 765 4189 ut,
789 4128 856 4169 cum
880 4128 943 4170 rem
968 4111 1113 4189 quandam
1136 4113 1323 4190 perstrictam
1343 4111 1470 4193 uideret,

299 4228 373 4287 quae
402 4195 533 4289 quinque
563 4212 649 4269 annis
676 4215 744 4287 post
767 4207 887 4267 Plutum
914 4209 1045 4286 priorem
1068 4208 1185 4268 doctam
1208 4210 1366 4285 euenisset,
1392 4208 1470 4269 hanc

298 4307 428 4370 lahulam
452 4326 511 4367 non
536 4325 648 4366 meram
671 4309 817 4387 priorem,
840 4306 893 4366 sed
915 4305 989 4365 locis
1013 4305 1188 4384 quibusdam
1212 4326 1248 4366 ex
1271 4304 1319 4365 illa
1343 4308 1372 4364 in
1393 4306 1470 4368 hanc

297 4405 448 4466 translatis
470 4403 679 4484 interpolatam
703 4411 733 4464 et
756 4406 842 4483 quasi
863 4408 1091 4465 contaminatam
1115 4422 1181 4464 esse
1204 4411 1356 4464 statueret.
