2956 5092
634 358 852 422 ..79-

147 527 271 584 sionem
296 523 462 600 significare
486 521 618 581 uoluisse
643 527 826 598 putaremus.
871 519 1016 590 Quoniam
1040 529 1137 583 autem
1162 521 1248 581 aliter
1271 522 1329 581 dis-

146 623 273 702 putauit
291 619 450 680 scholiasta
473 638 571 697 neque
591 620 656 678 lieri
679 625 787 697 potest,
811 625 844 676 ut
863 621 927 678 eius
951 618 1043 678 uerba
1063 621 1100 698 ei,
1124 637 1210 697 quam
1230 621 1329 679 inesse

147 719 292 798 uelimus,
316 718 481 777 sententiae
506 715 763 776 accommodemus
788 722 818 773 et
841 717 1033 795 corrigamus,
1054 716 1127 775 nihil
1150 717 1329 795 relinquitur

148 818 212 875 nisi
240 825 274 874 ut
301 833 356 893 per
384 833 549 891 pronomen
577 811 699 874 τοῦτον
723 831 781 872 non
806 812 1003 892 Chremylum,
1026 813 1077 872 sed
1101 814 1329 892 Aristophanem

146 924 255 991 ipsum
277 912 403 971 indicari
427 919 599 972 statuamus,
645 909 729 980 Quod
754 911 779 968 si
802 911 843 988 lit,
874 912 904 968 in
928 909 1007 970 hunc
1032 911 1094 970 lere
1118 912 1237 971 modum
1261 930 1328 989 pro-

148 1009 242 1070 cedet
261 1012 364 1070 oratio.
405 1010 596 1088 Aristophani
614 1028 668 1088 per
686 1005 807 1068 codron
828 1008 991 1083 significato
1015 1027 1069 1086 per
1092 1028 1123 1068 se
1147 1008 1328 1088 intellegitur

147 1125 217 1167 non
239 1107 367 1167 eundem
392 1107 620 1186 Aristophanem
644 1107 753 1184 opponi
781 1122 869 1182 posse
897 1124 952 1183 per
975 1105 1080 1165 uerba:
1110 1105 1268 1185 πεποίηκε
1292 1097 1329 1164 dt

147 1198 212 1266 καὶ
231 1199 268 1264 ἐν
289 1196 599 1283 Ἐκκλησιαζούσαις
618 1193 710 1277 αὐτό,
735 1201 787 1262 sed
811 1202 900 1260 alium
920 1211 1036 1281 poetam
1056 1203 1244 1264 obiciendum
1263 1221 1329 1262 esse

148 1314 305 1382 tamquam
325 1302 415 1362 huius
434 1305 479 1363 rei
498 1306 695 1362 inuentorem.
738 1299 864 1359 Dubium
885 1308 983 1359 autem
1003 1320 1062 1360 non
1082 1311 1136 1376 est,
1160 1304 1231 1380 quin
1252 1319 1330 1379 eum,

152 1403 259 1480 quiin
278 1419 312 1460 ea
331 1419 364 1460 re
383 1419 452 1460 cum
470 1399 667 1478 Aristophane
687 1398 723 1456 de
742 1398 911 1476 principatu
931 1399 1098 1478 contendat,
1117 1398 1330 1459 Eratosthenes

150 1497 326 1576 Philyllium
349 1500 552 1558 nominauerit
575 1504 603 1556 et
628 1498 667 1555 ita
688 1496 895 1573 nominauerit,
919 1504 1029 1555 utnon
1049 1497 1145 1557 solum
1167 1515 1235 1556 eum
1253 1496 1329 1554 hanc

149 1613 220 1654 rem
248 1596 378 1672 primum
406 1596 571 1654 instituisse
600 1593 727 1668 diceret,
756 1591 806 1650 sed
836 1594 924 1651 etiam
953 1612 1011 1671 quo
1040 1603 1161 1654 arictore
1187 1597 1271 1653 nisus
1293 1593 1329 1652 ad

150 1711 221 1753 earn
249 1693 419 1770 opinionem
447 1692 649 1770 peruenisset,
680 1707 748 1749 cum
772 1688 934 1749 lectoribus
958 1695 1198 1752 communicaret.
1244 1690 1329 1761 Quod

152 1797 258 1849 autem
272 1786 486 1847 Eratosthenes
505 1790 593 1847 etiam
608 1786 706 1846 locum
721 1805 756 1845 ex
772 1784 984 1848 Ecclesiazusis
999 1789 1125 1849 similem
1140 1788 1272 1849 laudauit
1288 1821 1326 1829 —

150 1890 179 1947 si
210 1885 297 1945 modo
320 1883 526 1944 Eratosthenis
555 1903 620 1944 esse
648 1885 720 1944 haec
749 1883 841 1944 uerha
872 1887 1047 1964 interposita
1070 1895 1209 1965 putamus
1232 1905 1329 1964 neque

151 1985 257 2063 potius
282 2000 298 2040 a
321 1981 442 2041 librario
466 1984 631 2060 posteriore
650 1982 773 2062 adiecta,
797 1984 845 2041 cui
866 1983 942 2042 forte
967 1984 1084 2044 illorum
1103 1984 1330 2044 Ecclesiazuson

150 2083 290 2141 locorum
319 2081 350 2137 in
378 2087 509 2138 mentem
537 2082 671 2139 uenisset
696 2100 749 2140 —:
778 2089 838 2138 non
861 2089 1020 2157 propterea
1042 2082 1098 2142 hoc
1123 2083 1201 2160 lecit,
1224 2090 1259 2141 ut
1282 2080 1330 2141 uel

151 2197 191 2238 eo
215 2176 301 2236 allato
324 2175 527 2255 Lycophronis
551 2180 727 2236 sententiam
747 2172 949 2258 debilitaret¹)
970 2173 1069 2260 (quod
1094 2182 1172 2239 enim
1196 2181 1222 2238 si
1244 2187 1330 2257 puta-

152 2292 236 2354 mus,
265 2275 364 2332 statim
393 2291 428 2332 eo
458 2273 603 2353 redimus,
632 2282 665 2332 ut
692 2291 747 2350 per
774 2271 895 2334 τοῦτον
919 2274 1093 2356 Chremylus
1124 2271 1331 2356 significetur),

151 2371 208 2432 sed
233 2380 267 2430 ut
285 2369 509 2448 Lycophronem
530 2373 617 2430 etiam
641 2370 715 2429 alios
735 2369 825 2451 locos,
848 2370 1119 2434 Ecclesiazusarum
1139 2392 1245 2434 stersus
1265 2370 1329 2433 978

154 2477 189 2528 et
214 2463 353 2528 1150111
377 2470 554 2528 sententiam
579 2486 661 2527 suam
687 2468 864 2528 fulciendam
889 2469 1029 2532 adhihere
1054 2475 1186 2550 potuisse
1210 2472 1329 2530 demon·

154 2573 274 2626 straret.
320 2564 514 2644 Videmusne,
544 2573 577 2624 ut
604 2575 705 2624 nostra
737 2584 855 2644 quoque
879 2572 1018 2629 memoria
1042 2570 1122 2630 idem
1144 2571 1329 2646 maximeque

153 2684 172 2725 a
200 2665 381 2743 scriptorum
410 2661 624 2740 interpretibus
653 2659 725 2722 fiat?
762 2661 853 2728 Cuius
881 2683 968 2745 usus,
1002 2669 1059 2727 nisi
1092 2667 1214 2746 longum
1242 2672 1330 2746 esset,

153 2762 289 2842 exempla
317 2760 542 2820 multa-afferre
570 2760 648 2819 haud
677 2759 799 2820 difficile
828 2769 915 2822 esset.
966 2762 1070 2824 Totius
1102 2767 1193 2843 igitur
1226 2763 1330 2823 scholii

154 2861 333 2921 sententiam
354 2859 430 2918 hanc
449 2858 512 2917 fere
532 2876 598 2918 esse
617 2857 800 2918 censendum
819 2867 878 2918 est:
899 2853 1086 2940 ‘Lycophron
1104 2863 1185 2923 hunc
1203 2871 1330 2943 poetam,

153 2961 173 3017 i.
197 2977 223 3017 e.
247 2955 476 3034 Aristophanem
498 2958 628 3034 primum
653 2955 802 3014 hominem
826 2957 905 3015 laces
935 2957 1134 3035 postulantem
1156 2963 1187 3020 in
1212 2979 1330 3020 scenam

152 3055 333 3135 produxisse
349 3051 561 3132 arbitrabatur3
576 3055 672 3130 potuit
687 3053 824 3113 conterre
839 3055 927 3114 etiam
942 3053 1211 3116 Ecclesiaznsarum
1224 3075 1330 3117 uersus

153 3150 276 3213 91811
302 3148 395 3212 1150.
443 3149 502 3210 Sed
530 3158 629 3208 tamen
658 3139 772 3231 (titt)
805 3151 874 3210 lalsa
902 3159 948 3210 est
976 3154 1040 3211 eius
1069 3156 1230 3234 sententia;
1262 3172 1329 3212 nam

229 3317 256 3377 1)
274 3312 337 3368 Hoc
356 3313 430 3366 enim
446 3311 629 3379 11101111111,
647 3312 723 3364 certe
738 3312 826 3364 multo
840 3311 940 3364 melius
953 3311 1145 3382 Lycophronis
1160 3315 1330 3368 sententiam

155 3393 352 3460 destruxisset,
372 3393 396 3446 si
413 3391 478 3445 nub.
498 3408 525 3443 11.
547 3395 615 3443 1490
634 3393 664 3445 11
681 3407 743 3459 pac.
757 3408 784 3445 u.
801 3396 868 3445 1317
888 3392 1041 3446 attulisset:
1060 3392 1113 3447 hee
1128 3392 1202 3447 enim
1216 3393 1330 3448 fabulae

152 3473 193 3527 ad
215 3474 340 3527 aetatem
367 3472 456 3525 multo
486 3470 665 3524 remotiorem
693 3471 835 3539 pertinent
856 3471 1065 3526 Ecclesiazusis.
1107 3472 1236 3528 Ceterum
1260 3490 1277 3528 a
1299 3491 1330 3528 re

153 3554 281 3607 alienum
299 3570 355 3606 non
373 3552 428 3605 1111
446 3551 500 3604 hac
519 3566 630 3617 quoque
644 3551 790 3604 occasione
804 3548 848 3604 uti
866 3552 1085 3621 demonstrandi,
1106 3553 1203 3622 ‘quem
1216 3555 1327 3623 parum’

151 3631 213 3702 ipsi
226 3631 403 3702 grammatici
417 3628 602 3684 Alexandrini
615 3631 772 3698 temporum
785 3629 925 3683 rationem
940 3631 1097 3686 habuerint.
1129 3631 1330 3687 Eratosthenes

152 3712 231 3766 enim
254 3712 408 3766 certissime
432 3711 493 3778 ipse
519 3725 630 3777 quoque
654 3710 754 3762 horum
776 3707 902 3762 locorum
925 3710 1103 3777 meminerat;
1131 3711 1181 3766 sed
1204 3729 1266 3766 cum
1295 3713 1329 3766 de

152 3791 282 3860 Philyllii
296 3794 389 3845 aetate
403 3807 460 3844 non
474 3787 675 3855 recordaretur,
695 3805 712 3841 a
732 3787 867 3842 Strattide
882 3788 1045 3858 Philyllium
1060 3789 1120 3844 eius
1135 3791 1219 3845 moris
1233 3791 1330 3846 inuen-

152 3876 248 3926 torem
265 3870 404 3925 nomineri
423 3867 552 3937 putauit,
564 3867 709 3923 Strattidis
729 3869 822 3922 locum
836 3868 927 3923 minus
944 3872 1020 3924 reete
1039 3871 1247 3940 interpretatus,
1267 3888 1329 3925 cum

157 3968 173 4005 1
196 3949 332 4004 Strattide
354 3948 427 4002 nihil
445 3947 522 4000 aliud
542 3947 675 4016 colligere
694 3948 779 4002 liceat
797 3965 881 4017 quam
900 3948 1064 4018 Philyllium
1082 3951 1133 4006 illo
1151 3968 1228 4005 more
1247 3967 1330 4020 saepe

156 4048 240 4083 usum
267 4046 341 4094 esse3
368 4029 486 4082 fortasse
506 4028 592 4081 etiam
620 4029 684 4082 nub.
704 4045 800 4082 uersus
825 4035 876 4083 543
900 4028 1081 4086 Eratostheni
1107 4047 1183 4097 eam,
1210 4047 1329 4099 queme

157 4108 296 4164 Strattide
315 4107 512 4176 exsculpserat,
539 4107 707 4162 sententiam
726 4109 888 4163 confirmare
907 4109 1064 4178 uidebatur,
1084 4127 1146 4164 cum
1163 4109 1329 4180 praesertim

155 4191 193 4243 de
216 4205 250 4244 eo
273 4205 357 4243 uersu
379 4204 397 4240 a
419 4185 563 4241 ueteribus
586 4187 712 4256 profecto
735 4188 808 4242 falso
836 4187 992 4243 iudicatum
1015 4192 1064 4256 sit3
1092 4191 1126 4246 cl.
1151 4189 1235 4244 schol.
1262 4192 1328 4244 nub.

153 4287 183 4324 u.
202 4273 254 4322 143
279 4269 308 4322 11
325 4266 460 4332 1111111111,
484 4265 585 4320 Philol.
605 4269 660 4322 uol.
680 4274 722 4336 34,
746 4286 773 4336 p.
792 4273 859 4335 4543
882 4269 941 4323 sine
960 4269 1046 4324 dubio
1064 4272 1222 4333 uerohenc
1241 4269 1329 4323 inter·

154 4349 345 4418 pretationem
363 4345 419 4400 loci
438 4345 587 4401 Strattidei
603 4347 704 4402 falsam
723 4364 781 4402 esse
800 4348 986 4405 intellexisset
1004 4352 1067 4405 nub.
1086 4369 1113 4406 u.
1133 4356 1202 4405 1490
1221 4354 1249 4405 et
1267 4367 1328 4421 pac.

157 4433 227 4482 131⁷
247 4428 393 4495 adductus,
420 4427 444 4481 si
461 4425 627 4495 Philyllium
644 4445 700 4482 non
719 4430 784 4483 ante
803 4427 855 4482 has
874 4429 983 4484 fabulas
1002 4431 1129 4486 docuisse
1147 4429 1327 4486 meminisset.
