2956 5092
628 333 845 396 -31-

243 492 264 550 l.
302 492 395 553 Ducat
419 511 522 572 agmen
547 493 691 553 scholium
716 493 751 553 ad
776 512 804 552 u.
828 489 900 553 173.
940 492 981 552 lle
1002 511 1060 571 quo
1080 512 1155 572 quae
1174 494 1325 554 enucleari

148 597 285 668 possunt,
307 588 468 668 lugendum
488 599 542 671 est,
566 591 645 669 quod
664 592 840 669 paucissima
865 597 944 650 sunt.
981 590 1062 661 Quae
1082 594 1160 651 enim
1184 591 1220 650 dc
1241 610 1324 651 exer-

150 689 212 745 citu
241 686 291 746 illo
317 691 522 748 mercennario
551 689 646 765 deque
671 688 747 747 bello
771 686 957 747 Corinthiaco
981 697 1153 769 narrantur,
1183 707 1217 748 ea
1245 688 1323 748 haud

153 784 217 842 scio
250 801 287 841 an
321 784 355 842 ad
389 784 598 844 Philochorum
630 784 785 844 referenda
814 787 885 863 siut,
918 804 1006 862 quern
1039 786 1074 846 de
1108 778 1325 868 στρατεύματι

150 873 270 961 ξενικῷ
295 874 331 939 ἐν
356 881 519 964 Κορίνθῳ
548 883 716 942 accuratius
744 883 839 958 egisse
863 881 1057 960 Harpocratio
1086 902 1108 944 s
1131 903 1160 945 u.
1194 876 1324 957 ξενικὸν

150 971 188 1036 ἐν
204 976 368 1060 Κορίνθῳ
384 982 543 1039 memoriae
557 979 695 1058 prodidit.
722 979 764 1039 lbi
780 983 859 1039 enim
875 983 985 1060 scripta
1000 983 1154 1060 leguntur:
1169 974 1326 1060 συνεστή-

149 1087 232 1133 σατο
262 1065 292 1133 d’
319 1066 400 1136 αὐτὸ
429 1074 561 1157 πρῶτον
590 1069 730 1154 Κόνων,
759 1072 923 1158 παρέλαβε
956 1069 987 1138 d’
1019 1070 1101 1140 αὐτὸ
1127 1071 1324 1160 Ἰφικράτης,

147 1162 294 1250 ὕστερον
313 1167 368 1232 καὶ
388 1174 549 1253 Χαβρίας·
569 1158 596 1258 ᾦ
615 1167 818 1253 χρησάμενοι
837 1167 900 1254 τὴν
920 1174 1196 1256 Λακεδαιμονίων
1215 1171 1325 1257 μόραν

148 1265 340 1342 κατέκοψαν
356 1269 620 1351 στρατηγοῦντος
634 1261 748 1342 αὐτοῖς
755 1263 964 1356 Ἰφικράτους
973 1267 1028 1332 καὶ
1039 1274 1198 1334 Καλλίου.
1219 1275 1325 1344 Quam-

151 1384 241 1444 quam
271 1370 349 1426 enlm
378 1387 437 1427 non
466 1371 554 1428 nimis
576 1367 668 1427 multa
697 1371 775 1428 inter
798 1369 855 1428 hoc
877 1369 1048 1430 Philochori
1076 1372 1272 1449 fragmentum
1297 1380 1326 1431 et

151 1463 300 1524 scholium
330 1464 401 1524 illud
431 1468 623 1545 conueniunt,
654 1474 750 1524 tamen
775 1465 827 1524 ubi
849 1485 946 1542 neque
971 1468 1018 1526 hic
1042 1487 1139 1545 neque
1162 1468 1222 1527 illic
1245 1486 1326 1526 ntera

149 1561 323 1621 Philochori
343 1563 434 1622 uerba
455 1574 571 1623 seruata
596 1580 662 1620 esse
675 1565 879 1643 reputaberis,
903 1565 1027 1623 sortasse
1049 1564 1154 1624 scholii
1174 1575 1326 1626 auctorem

148 1677 186 1717 ex
211 1658 382 1719 Philochori
406 1661 525 1720 Atthide
550 1679 601 1720 sua
625 1658 759 1719 hausisse
783 1669 888 1737 putare
908 1661 986 1741 licet,
1009 1665 1184 1741 praesertim
1209 1666 1234 1722 si
1260 1667 1326 1742 quis

148 1757 410 1839 animaduerterit,
438 1779 526 1838 quam
555 1779 642 1838 saepe
672 1757 781 1818 scholia
810 1758 1022 1836 Aristophanen
1051 1761 1086 1820 ad
1114 1760 1325 1821 Philochorum

149 1866 319 1915 recurrant.
358 1856 415 1916 Sed
436 1860 500 1918 siue
519 1857 690 1917 Philochori
709 1857 772 1915 siue
792 1854 866 1914 alius
884 1859 1038 1935 scriptoris
1054 1867 1124 1918 sunt
1139 1859 1210 1918 haec
1226 1859 1326 1940 uerba,

148 1962 235 2012 certe
260 1953 295 2011 ab
320 1973 354 2012 eo
378 1967 499 2014 auctore
524 1958 686 2034 composita
711 1963 788 2032 sunt,
813 1955 863 2030 qui
887 1953 923 2034 de
943 1963 1110 2033 temporum
1130 1957 1235 2016 ordine
1254 1959 1326 2017 satis

148 2049 279 2109 edoctus
299 2063 385 2111 esset.
426 2052 623 2112 Nihilominus
647 2055 739 2111 lama
761 2053 863 2128 primis
882 2051 1089 2131 Aristophanis
1107 2054 1326 2133 interpretibus

148 2166 185 2206 ea
211 2158 348 2226 excerpta
370 2158 399 2208 et
422 2153 452 2209 in
473 2153 701 2210 commentarios
720 2158 903 2225 cornportata
923 2169 988 2209 esse
1008 2150 1077 2210 licet
1097 2162 1217 2212 statuas.
1252 2152 1325 2211 Nam

148 2263 211 2323 qua
236 2255 320 2305 erant
344 2249 478 2307 socordia
507 2252 595 2326 primi
619 2247 660 2307 illi
685 2256 838 2325 poetarum
862 2249 1051 2328 interpretes,
1075 2250 1160 2309 facile
1185 2250 1325 2309 credibile

147 2343 273 2402 uidetur
301 2363 366 2425 eos,
395 2356 490 2405 utram
518 2346 639 2405 Plutum
667 2347 951 2424 interpretarentur,
980 2365 1039 2404 non
1068 2365 1188 2406 curasse
1212 2357 1271 2428 aut,
1301 2351 1327 2406 si

147 2441 209 2499 hoc
233 2451 364 2501 statuere
388 2447 486 2502 minus
510 2444 614 2520 placet,
638 2446 716 2501 iuter
740 2442 996 2521 interpretandum
1019 2462 1056 2502 ne
1079 2446 1326 2505 animaduertisse

148 2538 282 2619 quidem,
311 2559 385 2617 quae
414 2543 444 2599 in
475 2561 502 2600 u.
528 2538 591 2600 113
615 2539 798 2617 legerentur,
828 2559 861 2599 ea
891 2560 958 2600 cum
988 2543 1095 2619 prioris
1119 2541 1209 2618 Pluti,
1238 2562 1325 2621 quam
1402 2589 1404 2596 .

147 2646 280 2696 tractare
309 2636 366 2697 sibi
393 2626 579 2717 uidebantur,
608 2649 775 2714 temporum
803 2641 916 2697 ratione
947 2637 1127 2717 discrepare.
1183 2640 1240 2700 Sed
1269 2641 1327 2700 hoc'

148 2741 221 2793 utut
249 2745 302 2813 est,
333 2747 414 2794 certe
439 2755 541 2795 eorum
571 2736 775 2794 adnotationes
802 2753 862 2794 non
892 2736 965 2795 tales
994 2738 1086 2796 luisse
1119 2738 1326 2799 affirmandum

149 2842 208 2910 est,
232 2841 265 2891 ut
289 2832 420 2914 Didymo,
449 2836 593 2894 excuius
617 2835 838 2912 commentario,
867 2836 924 2892 nisi
947 2837 1055 2915 omnia,
1079 2844 1160 2894 certe
1185 2855 1227 2916 ea,
1251 2855 1326 2915 quae

148 2932 355 3006 exquisitioris
389 2930 539 2989 doctrinae
572 2932 700 3008 speciem
729 2948 799 3008 prae
828 2949 859 2989 se
889 2931 999 3010 lerant,
1032 2933 1152 2992 fluxisse
1184 2934 1326 2994 Mauricio

150 3026 317 3086 Schmidtio
347 3046 382 3086 ex
410 3030 507 3087 animo
531 3030 685 3108 assentior,
714 3028 894 3106 persuadere
919 3039 1050 3109 possent,
1075 3050 1149 3109 quae
1174 3043 1326 3110 superstes

149 3132 242 3201 esset,
265 3142 329 3183 eam
353 3143 418 3184 esse
441 3125 560 3185 Plutum
584 3128 789 3204 posteriorem,
813 3127 865 3203 qui
888 3127 936 3185 uir
960 3130 1098 3186 acerrimi
1123 3132 1235 3206 ingenii
1256 3149 1326 3190 sane

151 3222 211 3280 hoc
236 3222 292 3280 sibi
310 3226 517 3302 persuasisset,
541 3226 565 3282 si
584 3225 614 3282 in
634 3225 767 3300 priorum
787 3232 984 3301 interpretum
1004 3223 1088 3284 libris
1109 3226 1157 3286 uel
1176 3230 1326 3288 minimam

149 3321 318 3378 inuenisset
350 3319 439 3380 huius
468 3323 631 3380 sententiae
667 3319 929 3380 adumbrationem.
979 3321 1081 3400 ltaque
1116 3327 1180 3383 siue
1214 3329 1327 3403 primos

150 3425 402 3477 commentatores
430 3419 466 3476 ad
491 3418 570 3478 huuc
595 3436 715 3476 uersum
745 3418 899 3478 uberiores
923 3419 1127 3493 adnotationes
1152 3426 1326 3500 apposuisse

149 3516 258 3573 statuis
277 3516 341 3574 siue
362 3535 413 3575 cos
431 3519 599 3576 accuratius
617 3515 697 3575 hunc
718 3534 838 3575 uersum
854 3515 1016 3594 explicasse
1031 3534 1129 3597 negas,
1152 3518 1208 3577 boc
1224 3529 1326 3579 tenen·

150 3612 224 3671 dum
244 3609 477 3692 est,'l]idymum
496 3614 576 3673 hunc
597 3632 716 3673 uersum
740 3617 780 3673 ita
798 3612 971 3692 illustrasse,
995 3622 1027 3673 ut
1046 3633 1099 3673 sua
1123 3624 1218 3675 aetate
1237 3635 1326 3677 unam

151 3716 269 3768 tantum
292 3710 373 3770 Pluti
403 3699 609 3772 recensionem
633 3713 825 3790 superstitem
848 3711 939 3769 luisse
963 3713 1150 3789 apertissime
1175 3717 1327 3775 nuntiaret

150 3807 345 3888 eandemque,
369 3827 443 3886 quae
467 3810 503 3868 ad
526 3821 658 3869 nostram
682 3810 854 3869 memoriam
876 3809 992 3867 mansit.

242 3903 278 3963 ll.
310 3904 351 3964 De
371 3906 491 3965 scholiis
511 3907 547 3965 ad
566 3925 616 3965 uu.
631 3903 696 3967 972
716 3917 746 3967 et
766 3903 850 3967 1146
870 3908 896 3965 si
914 3907 1009 3965 fusius
1028 3906 1184 3986 explanare
1204 3909 1326 3992 uellem,

152 4001 257 4060 eadem
282 4020 357 4080 quae
381 4004 417 4062 de
443 4003 533 4063 schol.
557 4023 586 4063 u.
612 4001 674 4064 173
697 4005 837 4083 indicaui,
860 4003 906 4063 his
929 4003 1002 4063 mihi
1026 4005 1187 4083 repetenda
1211 4017 1327 4089 essent;

150 4103 253 4177 itaque
281 4100 318 4159 de
348 4103 391 4160 eis
418 4120 542 4180 prorsus
569 4105 600 4162 in
631 4103 754 4162 eandem
783 4103 959 4161 sententiam
992 4102 1123 4163 cundum
1152 4122 1218 4164 esse
1252 4108 1325 4165 satis

150 4196 248 4256 habeo
272 4201 432 4260 monuisse.

242 4294 287 4355 lll.
329 4297 460 4356 Transeo
489 4316 568 4358 nunc
596 4299 632 4358 ad
656 4299 801 4360 scholium
825 4316 855 4358 u.
877 4292 943 4357 550
967 4300 1188 4378 excutiendum,
1213 4321 1270 4381 quo
1294 4305 1325 4364 in

156 4394 384 4471 contemplando
409 4396 496 4455 simul
521 4397 627 4475 elucet,
651 4417 709 4458 non
732 4398 840 4456 iniuria
863 4397 895 4454 in
914 4394 1035 4455 scholiis
1056 4397 1144 4456 modo
1163 4399 1327 4477 explanatis

208 4503 389 4546 Dissertationcs
402 4507 517 4546 Ionenoes.
540 4507 581 4547 IV.
1061 4502 1077 4548 6
