2956 5092
687 375 731 383 -
777 337 906 402 84·-

215 496 317 579 igitur,
337 502 387 578 qui
402 507 548 560 uocantur
564 495 598 559 ol
618 493 693 578 περὶ
712 499 974 578 Καλλίστρατον,
994 501 1022 560 h.
1038 520 1063 560 e.
1083 500 1246 560 seeundum
1265 498 1392 558 scholia.

216 605 328 656 starum
352 615 464 656 morem
488 597 629 675 loquendi
661 595 709 654 uel
733 598 797 674 ipse
821 595 1004 657 Callistratus
1028 597 1109 659 solus
1132 598 1181 658 uel
1204 596 1405 657 Callistratus-

216 695 339 771 eiusque
368 693 507 772 discipuli
531 726 572 736 -
596 693 628 752 bi
655 695 746 770 igitur
776 712 857 773 eum,
885 697 936 772 qui
968 695 1004 754 ab
1032 696 1228 775 Aristophane
1261 712 1392 754 comme-

215 800 398 871 moraretur,
428 790 613 850 Pbilonidem
637 791 763 850 eundem
785 809 850 850 esse
875 791 1021 851 docebant
1044 805 1131 872 atque
1156 803 1273 871 poetam
1296 791 1393 871 illum,

215 891 262 948 cui
298 887 511 966 Aristophanes
543 887 712 971 complures
746 887 912 946 comoedias
946 891 976 948 in
1010 908 1128 949 scenam
1162 888 1391 949 committendas

215 985 337 1045 tradidit
365 987 510 1063 cuiusque
531 984 695 1044 fabularum
726 987 813 1044 etiam
838 1005 917 1045 nunc
941 986 1053 1064 aliquot
1076 997 1193 1048 exstant
1216 988 1392 1064 fragmenta.

217 1082 249 1141 Si
268 1082 434 1141 scholiastis
454 1075 538 1164 (nub.
555 1076 633 1162 510)
653 1083 740 1141 tidem
759 1081 911 1161 habemur,
931 1085 1151 1167 Aristophanes,
1170 1093 1203 1144 ut
1221 1083 1271 1144 alii
1284 1090 1392 1162 poetae

217 1199 286 1239 suas
305 1180 472 1239 comoedias
491 1179 639 1238 docendas
658 1178 819 1258 mandaret,
842 1179 906 1256 lege
926 1180 1050 1257 quadam
1069 1190 1234 1241 commotus
1258 1191 1312 1259 ost,
1332 1197 1392 1257 qua

216 1280 362 1337 sancitum
386 1286 457 1357 erat,
482 1296 518 1336 ne
544 1279 611 1354 quis
635 1278 756 1354 triginta
779 1280 876 1336 minor
900 1281 984 1338 annis
1009 1287 1079 1339 natu
1104 1279 1231 1338 fabulam
1257 1278 1392 1337 doceret.

216 1374 297 1444 Quae
322 1393 410 1434 causa
430 1392 607 1451 quamquam
628 1375 794 1433 certissime
819 1374 890 1433 lalsa
910 1384 964 1455 est,
989 1387 1086 1435 tameo
1105 1377 1161 1435 hoc
1180 1375 1249 1435 inde
1269 1373 1392 1435 conclu-

216 1472 286 1530 dere
311 1471 394 1550 lioet,
419 1471 618 1530 Callistratum
642 1474 699 1529 iam
723 1488 800 1529 anno
823 1468 887 1530 427
913 1466 975 1551 (uel
1000 1467 1078 1552 426)
1100 1475 1218 1549 triginta
1243 1489 1393 1531 annorum

216 1568 321 1647 luisse,
349 1570 391 1627 ita
420 1577 452 1627 ut
481 1586 551 1626 sane
580 1566 665 1626 facilc
693 1569 723 1625 in
748 1566 834 1625 Pluto
862 1569 961 1644 priore
991 1570 1153 1646 perstringi
1176 1577 1284 1646 posset.
1330 1567 1392 1626 Sed

216 1683 345 1744 quonam
369 1665 455 1724 modo
485 1664 605 1743 accidit,
634 1672 667 1724 ut
695 1664 880 1724 Callistratus
912 1664 991 1723 hunc
1024 1667 1123 1742 potius
1155 1674 1272 1742 poetam
1300 1682 1393 1743 quam

216 1757 427 1824 ‘Corinthium’
451 1761 533 1821 illum
558 1763 680 1822 diuitem
701 1763 861 1840 significari
885 1761 942 1820 sihi
965 1759 1180 1840 persuaderet?
1213 1761 1392 1839 lgnotumne

217 1863 244 1919 ei
268 1869 341 1940 erat,
365 1859 442 1937 quod
467 1859 503 1917 de
525 1858 679 1917 Philonide
699 1855 897 1917 narrabatur?
919 1859 1019 1918 Potuit
1039 1860 1067 1918 id
1093 1859 1211 1936 quidem
1235 1860 1313 1938 fieri3
1337 1858 1393 1917 sed

217 1960 244 2017 si
272 1960 454 2034 posteriores
482 1959 663 2033 interpretes
692 1965 750 2015 tam
779 1955 901 2014 uberem
930 1957 1069 2015 similium
1097 1957 1231 2016 locorum
1255 1959 1393 2016 notitiam

216 2055 373 2134 habebant,
401 2053 600 2112 Callistratum
628 2056 745 2113 inscitia
768 2052 931 2111 Philonidis
955 2048 1122 2112 ‘Corinthii'
1152 2058 1248 2114 minus
1268 2072 1393 2132 persua

217 2153 288 2212 dere
307 2152 380 2211 mibi
394 2170 515 2230 possum
535 2150 695 2209 adductum
714 2169 788 2230 esse,
808 2160 840 2209 ut
855 2157 972 2227 poetam
991 2149 1074 2209 illum
1089 2153 1248 2229 significari
1266 2151 1393 2211 diceret.

217 2250 287 2309 Veri
315 2249 440 2309 similius
469 2250 638 2326 putauerim
667 2247 866 2306 Callistratum
900 2256 1066 2324 temporum
1100 2251 1213 2308 ratione
1246 2247 1281 2306 ad
1313 2248 1394 2307 hanc

218 2350 396 2408 sententiam
418 2347 580 2424 impulsum
604 2364 678 2405 csse.
721 2344 867 2404 Credebat
895 2347 1035 2404 nimirum
1060 2364 1091 2404 se
1115 2349 1246 2424 priorem
1269 2344 1392 2405 Plutum

219 2445 354 2505 manibus
373 2453 487 2523 terere3
511 2462 544 2502 ac
564 2443 690 2502 sortasse
715 2460 751 2500 ex
771 2444 822 2521 eis,
846 2445 898 2520 qui
915 2445 943 2501 ei
961 2452 1079 2520 praesto
1099 2453 1191 2517 erant,
1214 2443 1286 2503 locis
1310 2445 1394 2502 simi-

217 2543 295 2602 libus
325 2561 358 2602 ea
386 2543 516 2620 suspicio
545 2544 572 2600 ei
600 2540 704 2599 oborta
733 2548 791 2619 est,
820 2557 895 2616 quae
927 2539 1142 2617 interpretibus
1173 2539 1394 2619 posterioribus

218 2641 321 2700 oborta
353 2659 412 2699 non
441 2648 500 2718 est,
528 2637 712 2697 Philonidem
741 2631 951 2697 ‘Corinthium'
980 2636 1028 2694 uel
1057 2637 1240 2699 Melitensem
1267 2637 1354 2697 Pluto
1381 2637 1394 2696 l

218 2741 414 2817 posteriorem
433 2739 534 2797 luisse.
576 2735 679 2815 ltaque
703 2737 787 2796 aliam
811 2737 876 2794 eius
895 2735 1023 2792 nominis
1042 2752 1199 2811 personam
1218 2734 1393 2813 intellegen-

212 2836 285 2895 dam
305 2854 370 2895 esse
395 2834 610 2912 quodammodo
630 2844 750 2894 coactus
774 2840 846 2912 erat,
870 2842 903 2890 ut
927 2830 984 2890 sibi
1006 2832 1210 2910 persuaderet.
1252 2832 1310 2892 Sed
1332 2832 1394 2893 boc

219 2940 287 2993 utut
306 2943 361 3012 est,
385 2941 465 2992 certe
485 2951 522 2991 ne
542 2934 573 2990 in
596 2933 660 2990 eius
684 2931 804 3008 quidem
823 2931 1035 2989 commentario
1054 2928 1174 2988 Plutum
1193 2931 1393 3008 posteriorem

219 3031 346 3090 fabulam
371 3049 436 3089 esse
461 3032 627 3108 expositum
651 3037 727 3108 erat3
756 3027 834 3106 quod
860 3025 1028 3105 siluisset,
1053 3025 1301 3104 quemadmodum
1323 3034 1416 3104 post

220 3127 420 3188 Callistratum
443 3129 580 3206 egregius
603 3126 639 3186 de
663 3126 749 3186 Pluto
773 3125 786 3184 l
810 3141 895 3184 error
918 3125 1063 3183 committi
1086 3121 1204 3202 potnit?

309 3226 368 3285 lam
389 3224 572 3285 Callistratus
591 3224 640 3283 ille
664 3227 731 3302 quis
755 3224 854 3301 luerit,
877 3221 1041 3281 eruendum
1062 3231 1115 3280 est.
1157 3220 1236 3280 Haec
1255 3224 1393 3298 quaestio

219 3326 416 3404 paucissumis
436 3323 551 3382 absolui
573 3331 681 3401 potest.
723 3322 800 3381 Satis
825 3321 903 3378 euim
927 3322 993 3394 erit,
1016 3321 1046 3378 si
1061 3338 1097 3378 ex
1117 3327 1161 3378 tot
1180 3318 1262 3399 locis,
1281 3319 1393 3397 quibus

221 3421 381 3482 Callistrati
410 3440 517 3480 nomen
546 3423 709 3500 inuenitur,
733 3437 825 3480 uuum
848 3435 976 3495 eumque
999 3417 1233 3477 illustrissimum
1257 3415 1396 3479 attulero.

220 3518 258 3579 Vt
294 3521 373 3583 enim
405 3517 604 3577 Callistratum
635 3518 684 3577 uel
717 3518 785 3576 inde
816 3516 1021 3594 Aristophanis
1053 3515 1184 3594 Byzantii
1215 3514 1396 3593 discipulum

220 3618 314 3676 luisse
339 3615 476 3675 concludi
499 3620 606 3694 potest,
630 3613 708 3692 quod
732 3615 849 3692 saepius
873 3615 948 3672 uiris
971 3613 1066 3673 doctis
1090 3612 1294 3689 Aristarcheis‚
1318 3629 1344 3672 c.
1366 3631 1394 3690 g.

221 3714 376 3793 Apollonio
400 3711 486 3791 (Blau
510 3730 537 3789 p.
557 3707 614 3791 53)
638 3713 807 3790 opponitur,
830 3715 871 3772 ita
894 3731 954 3770 non
977 3710 1071 3770 solum
1096 3709 1200 3770 scholii
1218 3710 1254 3769 ad
1273 3709 1395 3770 Thesm.

220 3833 249 3874 u.
272 3808 337 3871 917
359 3809 460 3869 uerbis
481 3809 540 3868 his:
564 3798 710 3882 ‘deditos
730 3802 767 3870 δὲ
792 3799 836 3871 dv
861 3813 910 3889 εἴη
932 3800 949 3869 ὁ
973 3807 1222 3888 Καλλίστρατος
1244 3801 1396 3868 πιστεύε-

221 3912 302 3970 σθαι
327 3898 370 3979 ὡς
393 3896 436 3966 olo
464 3901 539 3982 περὶ
564 3899 768 3967 διδασκάλου
800 3904 861 3968 τοῦ
885 3899 1147 3987 Ἀριστοφάνους
1178 3900 1306 3985 λέγων’,
1340 3906 1395 3966 sed

222 4010 310 4068 etiam
330 4004 446 4064 duobus
465 4004 608 4064 Athenaei
631 4005 705 4064 locis
728 4008 824 4065 omnis
849 4004 993 4065 dubitatio
1017 4003 1137 4085 tollitur,
1160 4002 1211 4063 lib.
1233 4002 1247 4062 I
1269 4021 1298 4081 p.
1316 4000 1397 4064 210

220 4113 250 4164 et
272 4103 309 4162 Vl
333 4122 360 4181 p.
385 4099 493 4162 26313.

310 4199 341 4260 V.
382 4199 522 4260 Videmus
553 4202 644 4278 igitur
674 4219 711 4260 ne
744 4200 949 4278 Aristophanis
982 4199 1101 4277 quidem
1133 4197 1264 4277 Byzantii
1297 4207 1396 4260 aetate

221 4299 339 4358 Plutum
368 4297 495 4358 fabulam
524 4300 720 4376 posteriorem
748 4299 876 4358 habitam
906 4316 981 4359 esse.
1032 4295 1089 4355 Sed
1118 4315 1154 4356 ue
1183 4314 1234 4354 eos
1264 4295 1397 4377 quidem,

221 4399 273 4476 qui
297 4396 373 4456 ultra
395 4395 600 4474 Aristophanis
620 4405 745 4457 aetatem
765 4398 895 4471 luerunt,
918 4395 1124 4473 grammaticos
1143 4395 1398 4472 interpretesque,
