2956 5092
627 320 841 382 ...76-

150 491 270 542 ueteres
294 481 412 542 Plutum
437 484 633 559 posteriorem
654 481 761 560 legisse
781 483 897 543 ostendi
915 483 1012 543 uideri
1031 502 1127 564 posse,
1150 481 1320 561 complures

150 581 237 639 etiam
266 579 347 639 locos
376 579 473 659 attuli,
507 598 542 639 ex
571 579 680 658 quibus
709 580 882 640 didascalice
911 584 1081 641 memoriam
1114 588 1225 641 rectam
1253 598 1320 640 esse

149 677 286 755 colligere
317 696 435 757 posses,
467 679 523 737 uisi
552 686 643 756 esset,
672 677 749 755 quod
774 677 859 737 aliter
882 678 1089 738 indicaremus.
1138 677 1222 737 Nune
1246 696 1320 737 uero

150 775 262 853 aliquot
292 775 463 836 scholiastae
492 794 523 834 se
552 778 682 854 priorem
705 774 825 834 Plutum
853 774 951 853 legere
981 775 1036 834 sibi
1065 777 1146 835 uisos
1174 793 1239 834 esse
1268 794 1320 853 ap-

152 874 257 950 paruit.
290 872 372 933 Hauc
396 873 599 933 difficultatem
625 872 761 932 facillime
785 875 815 931 in
839 871 917 932 huno
938 873 999 932 lere
1019 873 1138 933 modum
1163 872 1319 933 submoue-

149 970 255 1030 bimus.
306 971 459 1049 Quotquot
489 973 568 1030 enim
603 989 692 1048 supra
726 977 874 1047 tamquam
904 970 940 1029 ad
974 971 1160 1031 didascaliam
1197 971 1319 1030 fulcien-

149 1068 216 1127 dam
249 1069 333 1128 attuli
365 1068 490 1142 scholia,
522 1070 553 1128 in
582 1087 684 1128 eorum
714 1066 794 1125 nullo
823 1085 839 1126 a
867 1067 1032 1127 scholiastis
1061 1086 1092 1127 se
1122 1070 1319 1146 posteriorem

150 1163 269 1224 Plutum
293 1173 419 1224 tractare
444 1165 564 1224 disertis
588 1164 689 1223 uerbis
714 1164 895 1245 declaratur,
920 1183 1007 1244 quam
1026 1167 1204 1225 sententiam
1223 1167 1249 1224 si
1268 1184 1321 1225 eos

110 1337 113 1339 Β
148 1260 286 1321 habuisse
310 1261 447 1322 arbitrari
471 1265 526 1343 uis,
550 1261 606 1321 hoe
630 1281 665 1321 ox
690 1281 794 1322 eorum
819 1263 936 1322 silentio
960 1262 1151 1322 efficiendum
1175 1271 1234 1342 est,
1260 1282 1319 1341 quo

148 1362 232 1439 quasi
264 1359 391 1420 inuoluti
425 1363 556 1439 priorem
584 1361 702 1421 Plutum
733 1368 934 1439 praetereunt.
987 1359 1049 1420 lloc
1082 1378 1152 1419 saue
1181 1360 1320 1438 colligere

82 1495 86 1504 ·
149 1457 262 1538 liceret,
286 1461 311 1517 si
336 1476 372 1518 ex
396 1458 533 1518 omuibus
553 1458 631 1518 Pluti
656 1458 776 1518 scholiis
802 1458 879 1517 idem
904 1456 1139 1517 concludendum
1159 1466 1246 1518 esset.
1284 1459 1322 1519 Vt

148 1564 247 1616 autem
271 1565 444 1634 argumenta
467 1556 515 1616 illa
539 1575 614 1635 quae
639 1565 785 1617 uocantur
808 1574 844 1614 ex
868 1555 994 1632 silentio,
1018 1555 1067 1615 uel
1091 1573 1144 1634 per
1169 1574 1200 1615 se
1224 1558 1321 1635 suspi-

147 1656 225 1713 cioni
254 1654 380 1714 obnoxia
408 1664 438 1715 et
466 1655 528 1714 lere
552 1673 670 1732 semper
695 1654 789 1714 iutilia
814 1672 847 1714 ao
872 1654 981 1713 caduca
1006 1660 1088 1734 sunt,
1120 1655 1163 1713 sic
1187 1654 1242 1713 hoc
1267 1673 1320 1732 po-

148 1754 294 1812 tissimum
318 1751 383 1811 loco
407 1751 442 1811 ad
467 1770 500 1812 ea
524 1753 685 1829 coningere
710 1770 746 1811 ue
769 1770 844 1830 opus
863 1751 983 1830 quidem
1002 1759 1059 1811 est:
1085 1769 1122 1810 en
1141 1754 1220 1811 enim
1240 1761 1319 1831 pato-

148 1852 224 1910 iacta
242 1858 288 1909 est
307 1849 392 1908 nobis
412 1849 447 1908 ad
467 1852 606 1928 optimam
621 1851 766 1909 rationem
781 1851 837 1909 uia.
872 1848 944 1908 Nam
960 1851 1098 1926 quoniam
1115 1867 1318 1929 quaecumque

148 1947 235 2007 nobis
258 1947 365 2006 tradita
390 1954 459 2006 sunt
483 1947 592 2006 scholia
612 1947 835 2026 Aristophanea,
859 1965 892 2006 ea
914 1949 1011 2006 omnia
1036 1966 1071 2006 ex
1094 1965 1154 2006 uno
1178 1947 1319 2026 pleraque

149 2047 362 2105 commentario
387 2046 452 2104 siue
472 2043 639 2122 Symmachi
663 2045 727 2104 siue
752 2042 866 2122 Didymi
890 2051 1029 2122 congesta
1054 2062 1120 2104 esse
1144 2054 1260 2106 constat
1282 2045 1319 2106 ab

148 2141 318 2202 hominibus
342 2143 517 2220 posterioris
541 2143 645 2201 aetatis
668 2143 725 2221 eis,
754 2142 805 2219 qui
828 2147 947 2219 praeter
970 2140 1050 2199 bunc
1074 2145 1319 2202 commentarium

148 2240 196 2301 uel
224 2258 283 2299 non
311 2241 369 2299 iam
397 2239 557 2319 habebant,
585 2240 663 2300 undo
693 2238 785 2298 bonas
814 2241 933 2300 notitias
960 2238 1128 2318 haurirent,
1147 2240 1204 2325 uel
1228 2242 1318 2300 inter·

123 2339 283 2421 pretandi
311 2347 370 2398 tam
397 2341 493 2417 ignari
521 2346 618 2419 erant,
647 2345 681 2397 ut
709 2355 762 2396 nos
787 2355 905 2415 quoque
930 2354 1034 2412 eorum
1057 2338 1318 2416 interpretationes

147 2436 231 2496 lacile
261 2453 468 2517 agnoscamns3
500 2439 569 2515 quia
596 2442 748 2515 praeterea
778 2434 849 2495 iliud
878 2434 1005 2512 accedit,
1038 2434 1117 2513 quod
1145 2437 1242 2495 omnia
1270 2435 1320 2497 illa

149 2534 260 2594 scholia
283 2534 319 2594 ad
343 2533 471 2614 Plutum,
495 2543 528 2594 ut
551 2534 679 2614 uidetur,
702 2535 899 2611 posteriorem
921 2535 1101 2612 pertinentia
1126 2551 1160 2592 oa
1184 2542 1262 2615 sunt,
1286 2542 1320 2594 ut

148 2650 183 2693 ex
207 2632 256 2692 illo
276 2635 489 2692 commentario
513 2651 545 2692 ea
570 2650 688 2711 quoque
712 2630 816 2691 hausta
840 2650 936 2711 neque
961 2649 976 2690 a
1005 2630 1172 2690 scholiastis
1200 2631 1319 2691 demum

147 2732 215 2790 dcta
244 2749 310 2790 esse
338 2730 467 2809 putanda
497 2733 568 2810 sint,
597 2748 664 2790 cum
692 2731 868 2808 praesertim
897 2731 926 2789 in
955 2727 1035 2787 nullo
1060 2745 1163 2787 eorum
1188 2728 1236 2787 uel
1260 2729 1317 2789 loci

148 2827 259 2888 similes
289 2827 493 2907 Aristophanis
526 2828 709 2905 aliorumque
744 2834 899 2905 poetarum
929 2825 978 2886 uel
1011 2833 1166 2886 auctorum
1199 2829 1318 2887 nomina

148 2923 300 3002 uerbaque
325 2942 384 2983 non
408 2925 582 2985 alterantur:
604 2923 652 2983 bis
675 2926 766 3002 igitur
789 2923 825 2983 de
850 2925 948 2984 causis
967 2941 1030 2983 eam
1050 2941 1137 3001 quam
1158 2931 1319 2985 tractamus

149 3024 353 3102 quaestionem
376 3024 416 3082 ita
441 3024 504 3082 siue
529 3022 617 3083 dubio
642 3029 723 3082 recte
747 3021 911 3101 soluemus,
939 3029 973 3082 ut
996 3022 1053 3102 eis,
1081 3020 1190 3099 quibus
1213 3021 1319 3083 Plutus

147 3122 230 3200 prior
259 3129 521 3200 commemoretur,
552 3119 671 3180 scholiis
700 3121 840 3178 maiorem
869 3121 931 3179 uim
960 3118 1125 3179 tribuamus
1154 3128 1242 3198 atque
1270 3121 1319 3181 illa

147 3219 194 3278 his
225 3216 446 3296 subiungamus,
492 3217 594 3296 ltaque
622 3225 656 3277 ut
684 3234 828 3277 summam
856 3219 901 3277 rei
929 3217 1047 3277 tandem
1071 3216 1227 3296 aliquando
1250 3238 1318 3297 pro·

149 3317 253 3397 ieram,
285 3318 465 3395 interpretes
493 3333 596 3375 omnes
625 3333 656 3375 se
684 3314 803 3374 Plutum
833 3317 964 3393 priorem
997 3314 1095 3392 legere
1128 3324 1318 3377 censuerunt.

149 3413 208 3473 Sed
232 3421 346 3474 tantum
370 3413 480 3494 aberat,
504 3421 538 3474 ut
560 3413 637 3473 hano
656 3430 744 3490 quam
762 3412 1040 3492 praeiudicaueraut
1058 3412 1227 3490 opinionem
1246 3413 1319 3474 locis

148 3511 325 3590 quibusdam
344 3513 475 3572 inuentis
494 3530 563 3571 cum
583 3520 750 3589 temporum
769 3510 883 3568 ratione
903 3526 962 3568 non
978 3507 1203 3568 concinentibus
1219 3513 1318 3570 statim

148 3616 239 3670 totam
263 3609 455 3689 dimitterent,
479 3617 513 3668 ut
536 3608 590 3667 hos
614 3607 694 3668 locos
717 3608 747 3666 in
769 3607 900 3684 priorem
920 3625 956 3666 ex
975 3607 1141 3684 posteriore
1160 3607 1318 3669 translatos

148 3725 214 3766 esse
238 3713 368 3766 statuere
392 3725 451 3766 non
476 3706 655 3786 dubitarent,
678 3703 708 3763 id
732 3704 811 3782 quod
832 3704 867 3764 ad
888 3703 1048 3764 nonnullos
1067 3711 1183 3763 tantum
1202 3723 1318 3786 uersuS,

148 3805 257 3884 quibus
285 3812 454 3882 temporum
486 3806 560 3864 ratio
589 3803 828 3864 manifestissime
857 3801 1039 3881 laederetur,
1071 3801 1210 3861 adnotare
1244 3821 1318 3881 opus

149 3922 215 3963 esse
240 3905 283 3962 eis
303 3901 468 3963 uidebatur.
505 3901 620 3962 Ceteris
639 3900 720 3978 loric,
744 3897 795 3958 ubi
820 3896 914 3958 simile
940 3898 1011 3977 quid
1035 3897 1170 3957 adnotari
1193 3905 1318 3981 poterat,

148 4019 180 4060 se
203 3999 260 4059 hoc
284 4001 342 4058 iam
366 3999 544 4079 compluries
568 4015 716 4078 exponere
741 3999 937 4056 meminerant
960 3996 1085 4074 ideoque
1110 3995 1188 4054 idem
1209 3998 1318 4059 iterum

148 4096 317 4157 adscribere
342 4115 596 4177 superuacaneum
620 4113 686 4156 esse
710 4093 924 4154 existimabant.
970 4093 1032 4152 Hoc
1061 4093 1147 4152 modo
1172 4094 1319 4176 facillime,

148 4203 181 4257 ut
214 4195 285 4256 mihi
316 4195 435 4274 quidem
464 4195 598 4275 uidetur,
631 4202 660 4254 et
687 4191 923 4272 probabilissime
951 4190 1005 4250 hae
1034 4190 1108 4250 duae
1137 4189 1319 4253 scholiorum

149 4295 241 4354 series
269 4295 348 4354 inter
376 4312 408 4354 se
437 4291 687 4371 conciliabuntur3
719 4307 787 4350 nam
816 4307 869 4367 per
898 4306 929 4348 se
958 4291 1046 4349 etiam
1074 4287 1128 4347 aliu
1162 4288 1318 4367 explicatio

150 4393 310 4471 excogitari
341 4399 453 4471 potest,
490 4398 523 4450 ut
556 4407 620 4470 eos,
658 4390 709 4468 qui
745 4394 884 4448 ueterum
915 4389 1113 4465 interpretum
1145 4385 1237 4447 libros
1270 4407 1318 4448 ex-

1328 444 1338 493 l
